
@ARTICLE{Luger2021,
       author = { {Luger}, Rodrigo and {Bedell}, Megan and {Foreman-Mackey}, Daniel and {Crossfield}, Ian J.~M. and {Zhao}, Lily L. and {Hogg}, David W.},
        title = "{Mapping stellar surfaces III: An Efficient, Scalable, and Open-Source Doppler Imaging Model}",
      journal = {arXiv e-prints},
     keywords = {Astrophysics - Solar and Stellar Astrophysics, Astrophysics - Earth and Planetary Astrophysics, Astrophysics - Instrumentation and Methods for Astrophysics},
         year = 2021,
        month = oct,
          eid = {arXiv:2110.06271},
        pages = {arXiv:2110.06271},
archivePrefix = {arXiv},
       eprint = {2110.06271},
 primaryClass = {astro-ph.SR},
       adsurl = {https://ui.adsabs.harvard.edu/abs/2021arXiv211006271L},
      adsnote = {Provided by the SAO/NASA Astrophysics Data System}
}
@techreport{bard1974nonlinear,
  title={Nonlinear parameter estimation},
  author={Bard, Yonathan},
  year={1974}
}
@article{self_flat-fielding,
   title={A Technique for Extracting Highly Precise Photometry for the Two-WheeledKeplerMission},
   volume={126},
   ISSN={1538-3873},
   url={http://dx.doi.org/10.1086/678764},
   DOI={10.1086/678764},
   number={944},
   journal={Publications of the Astronomical Society of the Pacific},
   publisher={IOP Publishing},
   author={Vanderburg, Andrew and Johnson, John Asher},
   year={2014},
   month={Oct},
   pages={948–958} }

@article{causal_pixel,
   title={A Causal, Data-driven Approach to Modeling the {Kepler} Data},
   volume={128},
   ISSN={1538-3873},
   url={http://dx.doi.org/10.1088/1538-3873/128/967/094503},
   DOI={10.1088/1538-3873/128/967/094503},
   number={967},
   journal={Publications of the Astronomical Society of the Pacific},
   publisher={IOP Publishing},
   author={Wang, Dun and Hogg, David W. and Foreman-Mackey, Daniel and Schölkopf, Bernhard},
   year={2016},
   month={Jun},
   pages={094503} }

@ARTICLE{EuclidCollaboration2022,
       author = {{Euclid Collaboration} and {Borlaff}, A.~S. and {G{\'o}mez-Alvarez}, P. and {Altieri}, B. and {Marcum}, P.~M. and {Vavrek}, R. and {Laureijs}, R. and {Kohley}, R. and {Buitrago}, F. and {Cuillandre}, J. -C. and {Duc}, P. -A. and {Gaspar Venancio}, L.~M. and {Amara}, A. and {Andreon}, S. and {Auricchio}, N. and {Azzollini}, R. and {Baccigalupi}, C. and {Balaguera-Antol{\'\i}nez}, A. and {Baldi}, M. and {Bardelli}, S. and {Bender}, R. and {Biviano}, A. and {Bodendorf}, C. and {Bonino}, D. and {Bozzo}, E. and {Branchini}, E. and {Brescia}, M. and {Brinchmann}, J. and {Burigana}, C. and {Cabanac}, R. and {Camera}, S. and {Candini}, G.~P. and {Capobianco}, V. and {Cappi}, A. and {Carbone}, C. and {Carretero}, J. and {Carvalho}, C.~S. and {Casas}, S. and {Castander}, F.~J. and {Castellano}, M. and {Castignani}, G. and {Cavuoti}, S. and {Cimatti}, A. and {Cledassou}, R. and {Colodro-Conde}, C. and {Congedo}, G. and {Conselice}, C.~J. and {Conversi}, L. and {Copin}, Y. and {Corcione}, L. and {Coupon}, J. and {Courtois}, H.~M. and {Cropper}, M. and {Da Silva}, A. and {Degaudenzi}, H. and {Di Ferdinando}, D. and {Douspis}, M. and {Dubath}, F. and {Duncan}, C.~A.~J. and {Dupac}, X. and {Dusini}, S. and {Ealet}, A. and {Fabricius}, M. and {Farina}, M. and {Farrens}, S. and {Ferreira}, P.~G. and {Ferriol}, S. and {Finelli}, F. and {Flose-Reimberg}, P. and {Fosalba}, P. and {Frailis}, M. and {Franceschi}, E. and {Fumana}, M. and {Galeotta}, S. and {Ganga}, K. and {Garilli}, B. and {Gillis}, B. and {Giocoli}, C. and {Gozaliasl}, G. and {Graci{\'a}-Carpio}, J. and {Grazian}, A. and {Grupp}, F. and {Haugan}, S.~V.~H. and {Holmes}, W. and {Hormuth}, F. and {Jahnke}, K. and {Keihanen}, E. and {Kermiche}, S. and {Kiessling}, A. and {Kilbinger}, M. and {Kirkpatrick}, C.~C. and {Kitching}, T. and {Knapen}, J.~H. and {Kubik}, B. and {K{\"u}mmel}, M. and {Kunz}, M. and {Kurki-Suonio}, H. and {Liebing}, P. and {Ligori}, S. and {Lilje}, P.~B. and {Lindholm}, V. and {Lloro}, I. and {Mainetti}, G. and {Maino}, D. and {Mansutti}, O. and {Marggraf}, O. and {Markovic}, K. and {Martinelli}, M. and {Martinet}, N. and {Mart{\'\i}nez-Delgado}, D. and {Marulli}, F. and {Massey}, R. and {Maturi}, M. and {Maurogordato}, S. and {Medinaceli}, E. and {Mei}, S. and {Meneghetti}, M. and {Merlin}, E. and {Metcalf}, R.~B. and {Meylan}, G. and {Moresco}, M. and {Morgante}, G. and {Moscardini}, L. and {Munari}, E. and {Nakajima}, R. and {Neissner}, C. and {Niemi}, S.~M. and {Nightingale}, J.~W. and {Nucita}, A. and {Padilla}, C. and {Paltani}, S. and {Pasian}, F. and {Patrizii}, L. and {Pedersen}, K. and {Percival}, W.~J. and {Pettorino}, V. and {Pires}, S. and {Poncet}, M. and {Popa}, L. and {Potter}, D. and {Pozzetti}, L. and {Raison}, F. and {Rebolo}, R. and {Renzi}, A. and {Rhodes}, J. and {Riccio}, G. and {Romelli}, E. and {Roncarelli}, M. and {Rosset}, C. and {Rossetti}, E. and {Saglia}, R. and {S{\'a}nchez}, A.~G. and {Sapone}, D. and {Sauvage}, M. and {Schneider}, P. and {Scottez}, V. and {Secroun}, A. and {Seidel}, G. and {Serrano}, S. and {Sirignano}, C. and {Sirri}, G. and {Skottfelt}, J. and {Stanco}, L. and {Starck}, J.~L. and {Sureau}, F. and {Tallada-Cresp{\'\i}}, P. and {Taylor}, A.~N. and {Tenti}, M. and {Tereno}, I. and {Teyssier}, R. and {Toledo-Moreo}, R. and {Torradeflot}, F. and {Tutusaus}, I. and {Valentijn}, E.~A. and {Valenziano}, L. and {Valiviita}, J. and {Vassallo}, T. and {Viel}, M. and {Wang}, Y. and {Weller}, J. and {Whittaker}, L. and {Zacchei}, A. and {Zamorani}, G. and {Zucca}, E.},
        title = "{Euclid preparation. XVI. Exploring the ultra-low surface brightness Universe with Euclid/VIS}",
      journal = {\aap},
     keywords = {instrumentation: detectors, techniques: image processing, space vehicles: instruments, techniques: photometric, methods: observational, galaxies: general, Astrophysics - Instrumentation and Methods for Astrophysics, Astrophysics - Astrophysics of Galaxies},
         year = 2022,
        month = jan,
       volume = {657},
          eid = {A92},
        pages = {A92},
          doi = {10.1051/0004-6361/202141935},
archivePrefix = {arXiv},
       eprint = {2108.10321},
 primaryClass = {astro-ph.IM},
       adsurl = {https://ui.adsabs.harvard.edu/abs/2022A&A...657A..92E},
      adsnote = {Provided by the SAO/NASA Astrophysics Data System}
}



@article{everest,
   title={{EVEREST}: Pixel Level Decorrelation of {K2} Light Curves},
   volume={152},
   ISSN={1538-3881},
   url={http://dx.doi.org/10.3847/0004-6256/152/4/100},
   DOI={10.3847/0004-6256/152/4/100},
   number={4},
   journal={The Astronomical Journal},
   publisher={American Astronomical Society},
   author={Luger, Rodrigo and Agol, Eric and Kruse, Ethan and Barnes, Rory and Becker, Andrew and Foreman-Mackey, Daniel and Deming, Drake},
   year={2016},
   month={Oct},
   pages={100} }

@book{Rasmussen2005,
  doi = {10.7551/mitpress/3206.001.0001},
  url = {https://doi.org/10.7551/mitpress/3206.001.0001},
  year = {2005},
  publisher = {The {MIT} Press},
  author = {Carl Edward Rasmussen and Christopher K. I. Williams},
  title = {Gaussian Processes for Machine Learning}
}

@ARTICLE{Aigrain2022,
       author = {{Aigrain}, Suzanne and {Foreman-Mackey}, Daniel},
        title = "{Gaussian Process regression for astronomical time-series}",
      journal = {arXiv e-prints},
     keywords = {Astrophysics - Instrumentation and Methods for Astrophysics},
         year = 2022,
        month = sep,
          eid = {arXiv:2209.08940},
        pages = {arXiv:2209.08940},
archivePrefix = {arXiv},
       eprint = {2209.08940},
 primaryClass = {astro-ph.IM},
       adsurl = {https://ui.adsabs.harvard.edu/abs/2022arXiv220908940A},
      adsnote = {Provided by the SAO/NASA Astrophysics Data System}
}
@article{Pinder2022, doi = {10.21105/joss.04455}, url = {https://doi.org/10.21105/joss.04455}, year = {2022}, publisher = {The Open Journal}, volume = {7}, number = {75}, pages = {4455}, author = {Thomas Pinder and Daniel Dodd}, title = {{GPJax}: A {Gaussian Process} Framework in {JAX}}, journal = {Journal of Open Source Software} }
@ARTICLE{Aigrain2016,
       author = {{Aigrain}, S. and {Parviainen}, H. and {Pope}, B.~J.~S.},
        title = "{K2SC: flexible systematics correction and detrending of {K2} light curves using Gaussian process regression}",
      journal = {\mnras},
     keywords = {methods: data analysis, planetary systems, stars: rotation, Astrophysics - Solar and Stellar Astrophysics, Astrophysics - Earth and Planetary Astrophysics, Astrophysics - Instrumentation and Methods for Astrophysics},
         year = 2016,
        month = jul,
       volume = {459},
       number = {3},
        pages = {2408-2419},
          doi = {10.1093/mnras/stw706},
archivePrefix = {arXiv},
       eprint = {1603.09167},
 primaryClass = {astro-ph.SR},
       adsurl = {https://ui.adsabs.harvard.edu/abs/2016MNRAS.459.2408A},
      adsnote = {Provided by the SAO/NASA Astrophysics Data System}
}


@article{halo,
   title={Beyond the {Kepler}/{K2} bright limit: variability in the seven brightest members of the {Pleiades}},
   volume={471},
   ISSN={1365-2966},
   url={http://dx.doi.org/10.1093/mnras/stx1050},
   DOI={10.1093/mnras/stx1050},
   number={3},
   journal={Monthly Notices of the Royal Astronomical Society},
   publisher={Oxford University Press (OUP)},
   author={White, T. R. and Pope, B. J. S. and Antoci, V. and Pápics, P. I. and Aerts, C. and Gies, D. R. and Gordon, K. and Huber, D. and Schaefer, G. H. and Aigrain, S. and Albrecht, S. and Barclay, T. and Barentsen, G. and Beck, P. G. and Bedding, T. R. and Fredslund Andersen, M. and Grundahl, F. and Howell, S. B. and Ireland, M. J. and Murphy, S. J. and Nielsen, M. B. and Silva Aguirre, V. and Tuthill, P. G.},
   year={2017},
   month={Aug},
   pages={2882–2901} }

@article{halo2,
   title={The {K2} Bright Star Survey. {I}. {Methodology} and {Data Release}},
   volume={245},
   ISSN={1538-4365},
   url={http://dx.doi.org/10.3847/1538-4365/ab3d29},
   DOI={10.3847/1538-4365/ab3d29},
   number={1},
   journal={The Astrophysical Journal Supplement Series},
   publisher={American Astronomical Society},
   author={Pope, Benjamin J. S. and White, Timothy R. and Farr, Will M. and Yu, Jie and Greklek-McKeon, Michael and Huber, Daniel and Aerts, Conny and Aigrain, Suzanne and Bedding, Timothy R. and Boyajian, Tabetha and Creevey, Orlagh L. and Hogg, David W.},
   year={2019},
   month={Nov},
   pages={8} }
   
@ARTICLE{hubble_phase_ret,
   author = {{Fienup}, J.~R. and {Marron}, J.~C. and {Schulz}, T.~J. and {Seldin}, J.~H.},
    title = "{Hubble Space Telescope characterized by using phase-retrieval algorithms}",
  journal = {Applied Optics},
 keywords = {Error Analysis, Hubble Space Telescope, Wave Propagation, Aberration, Alignment, Asphericity, Point Spread Functions, Optics, OPTICAL TESTING, TELESCOPES, ABERRATIONS, SPACE OPTICS, ALIGNMENT, PHASE RETRIEVAL, HUBBLE SPACE TELESCOPE},
     year = 1993,
    month = apr,
   volume = {32},
   number = {10},
    pages = {1747-1767},
      doi = {10.1364/AO.32.001747},
   adsurl = {https://ui.adsabs.harvard.edu/abs/1993ApOpt..32.1747F},
  adsnote = {Provided by the SAO/NASA Astrophysics Data System}
}



@article{jurling_fienup,
author = {Alden S. Jurling and James R. Fienup},
journal = {J. Opt. Soc. Am. A},
keywords = {Mathematical methods in physics; Numerical approximation and analysis; Wave-front sensing; Phase retrieval; Image reconstruction; Optical fields; Phase retrieval; Reconstruction algorithms; Wave front sensing; Wavefront aberrations},
number = {7},
pages = {1348--1359},
publisher = {OSA},
title = {Applications of algorithmic differentiation to phase retrieval algorithms},
volume = {31},
month = {Jul},
year = {2014},
url = {http://josaa.osa.org/abstract.cfm?URI=josaa-31-7-1348},
doi = {10.1364/JOSAA.31.001348},
}

@article{phase_ret_and_design,
   title={Phase retrieval and design with automatic differentiation: tutorial},
   volume={38},
   ISSN={1520-8540},
   url={http://dx.doi.org/10.1364/JOSAB.432723},
   DOI={10.1364/josab.432723},
   number={9},
   journal={Journal of the Optical Society of America B},
   publisher={The Optical Society},
   author={Wong, Alison and Pope, Benjamin and Desdoigts, Louis and Tuthill, Peter and Norris, Barnaby and Betters, Chris},
   year={2021},
   month={Aug},
   pages={2465} }
   
@article {Kepler,
	author = {Borucki, William J. and Koch, David and Basri, Gibor and Batalha, Natalie and Brown, Timothy and Caldwell, Douglas and Caldwell, John and Christensen-Dalsgaard, J{\o}rgen and Cochran, William D. and DeVore, Edna and Dunham, Edward W. and Dupree, Andrea K. and Gautier, Thomas N. and Geary, John C. and Gilliland, Ronald and Gould, Alan and Howell, Steve B. and Jenkins, Jon M. and Kondo, Yoji and Latham, David W. and Marcy, Geoffrey W. and Meibom, S{\o}ren and Kjeldsen, Hans and Lissauer, Jack J. and Monet, David G. and Morrison, David and Sasselov, Dimitar and Tarter, Jill and Boss, Alan and Brownlee, Don and Owen, Toby and Buzasi, Derek and Charbonneau, David and Doyle, Laurance and Fortney, Jonathan and Ford, Eric B. and Holman, Matthew J. and Seager, Sara and Steffen, Jason H. and Welsh, William F. and Rowe, Jason and Anderson, Howard and Buchhave, Lars and Ciardi, David and Walkowicz, Lucianne and Sherry, William and Horch, Elliott and Isaacson, Howard and Everett, Mark E. and Fischer, Debra and Torres, Guillermo and Johnson, John Asher and Endl, Michael and MacQueen, Phillip and Bryson, Stephen T. and Dotson, Jessie and Haas, Michael and Kolodziejczak, Jeffrey and Van Cleve, Jeffrey and Chandrasekaran, Hema and Twicken, Joseph D. and Quintana, Elisa V. and Clarke, Bruce D. and Allen, Christopher and Li, Jie and Wu, Haley and Tenenbaum, Peter and Verner, Ekaterina and Bruhweiler, Frederick and Barnes, Jason and Prsa, Andrej},
	title = {Kepler Planet-Detection Mission: Introduction and First Results},
	volume = {327},
	number = {5968},
	pages = {977--980},
	year = {2010},
	doi = {10.1126/science.1185402},
	publisher = {American Association for the Advancement of Science},
	abstract = {The Kepler mission was designed to determine the frequency of Earth-sized planets in and near the habitable zone of Sun-like stars. The habitable zone is the region where planetary temperatures are suitable for water to exist on a planet{\textquoteright}s surface. During the first 6 weeks of observations, Kepler monitored 156,000 stars, and five new exoplanets with sizes between 0.37 and 1.6 Jupiter radii and orbital periods from 3.2 to 4.9 days were discovered. The density of the Neptune-sized Kepler-4b is similar to that of Neptune and GJ 436b, even though the irradiation level is 800,000 times higher. Kepler-7b is one of the lowest-density planets (0.17 gram per cubic centimeter) yet detected. Kepler-5b, -6b, and -8b confirm the existence of planets with densities lower than those predicted for gas giant planets.},
	issn = {0036-8075},
	URL = {https://science.sciencemag.org/content/327/5968/977},
	eprint = {https://science.sciencemag.org/content/327/5968/977.full.pdf},
	journal = {Science}
}

@ARTICLE{TESS,
       author = {{Ricker}, George R. and {Winn}, Joshua N. and {Vanderspek}, Roland and
         {Latham}, David W. and {Bakos}, G{\'a}sp{\'a}r {\'A}. and
         {Bean}, Jacob L. and {Berta-Thompson}, Zachory K. and
         {Brown}, Timothy M. and {Buchhave}, Lars and {Butler}, Nathaniel R. and
         {Butler}, R. Paul and {Chaplin}, William J. and {Charbonneau}, David and
         {Christensen-Dalsgaard}, J{\o}rgen and {Clampin}, Mark and
         {Deming}, Drake and {Doty}, John and {De Lee}, Nathan and
         {Dressing}, Courtney and {Dunham}, Edward W. and {Endl}, Michael and
         {Fressin}, Francois and {Ge}, Jian and {Henning}, Thomas and
         {Holman}, Matthew J. and {Howard}, Andrew W. and {Ida}, Shigeru and
         {Jenkins}, Jon M. and {Jernigan}, Garrett and {Johnson}, John Asher and
         {Kaltenegger}, Lisa and {Kawai}, Nobuyuki and {Kjeldsen}, Hans and
         {Laughlin}, Gregory and {Levine}, Alan M. and {Lin}, Douglas and
         {Lissauer}, Jack J. and {MacQueen}, Phillip and {Marcy}, Geoffrey and
         {McCullough}, Peter R. and {Morton}, Timothy D. and {Narita}, Norio and
         {Paegert}, Martin and {Palle}, Enric and {Pepe}, Francesco and
         {Pepper}, Joshua and {Quirrenbach}, Andreas and {Rinehart}, Stephen A. and
         {Sasselov}, Dimitar and {Sato}, Bun'ei and {Seager}, Sara and
         {Sozzetti}, Alessandro and {Stassun}, Keivan G. and {Sullivan}, Peter and
         {Szentgyorgyi}, Andrew and {Torres}, Guillermo and {Udry}, Stephane and
         {Villasenor}, Joel},
        title = "{Transiting Exoplanet Survey Satellite (TESS)}",
      journal = {Journal of Astronomical Telescopes, Instruments, and Systems},
         year = 2015,
        month = jan,
       volume = {1},
          eid = {014003},
        pages = {014003},
          doi = {10.1117/1.JATIS.1.1.014003},
       adsurl = {https://ui.adsabs.harvard.edu/abs/2015JATIS...1a4003R},
      adsnote = {Provided by the SAO/NASA Astrophysics Data System}
}
@article{Aerts21,
  title = {Probing the interior physics of stars through asteroseismology},
  author = {Aerts, C.},
  journal = {Rev. Mod. Phys.},
  volume = {93},
  issue = {1},
  pages = {015001},
  numpages = {61},
  year = {2021},
  month = {Jan},
  publisher = {American Physical Society},
  doi = {10.1103/RevModPhys.93.015001},
  url = {https://link.aps.org/doi/10.1103/RevModPhys.93.015001}
}

@article{Zhu2021,
  doi = {10.1146/annurev-astro-112420-020055},
  url = {https://doi.org/10.1146/annurev-astro-112420-020055},
  year = {2021},
  month = sep,
  publisher = {Annual Reviews},
  volume = {59},
  number = {1},
  pages = {291--336},
  author = {Wei Zhu and Subo Dong},
  title = {Exoplanet Statistics and Theoretical Implications},
  journal = {Annual Review of Astronomy and Astrophysics}
}
@article{Jackiewicz2021,
  doi = {10.3389/fspas.2020.595017},
  url = {https://doi.org/10.3389/fspas.2020.595017},
  year = {2021},
  month = mar,
  publisher = {Frontiers Media {SA}},
  volume = {7},
  author = {Jason Jackiewicz},
  title = {Solar-Like Oscillators in the Kepler Era: A Review},
  journal = {Frontiers in Astronomy and Space Sciences}
}
@article{CHEOPS,
   title={{CHEOPS}: A transit photometry mission for ESA’s small mission programme},
   volume={47},
   ISSN={2100-014X},
   url={http://dx.doi.org/10.1051/epjconf/20134703005},
   DOI={10.1051/epjconf/20134703005},
   journal={EPJ Web of Conferences},
   publisher={EDP Sciences},
   author={Broeg, C. and Fortier, A. and Ehrenreich, D. and Alibert, Y. and Baumjohann, W. and Benz, W. and Deleuil, M. and Gillon, M. and Ivanov, A. and Liseau, R. and Meyer, M. and Oloffson, G. and Pagano, I. and Piotto, G. and Pollacco, D. and Queloz, D. and Ragazzoni, R. and Renotte, E. and Steller, M. and Thomas, N.},
   editor={Saglia, Roberto},
   year={2013},
   pages={03005} }
   
@article{K2,
   title={The {K2} Mission: Characterization and Early Results},
   volume={126},
   ISSN={1538-3873},
   url={http://dx.doi.org/10.1086/676406},
   DOI={10.1086/676406},
   number={938},
   journal={Publications of the Astronomical Society of the Pacific},
   publisher={IOP Publishing},
   author={Howell, Steve B. and Sobeck, Charlie and Haas, Michael and Still, Martin and Barclay, Thomas and Mullally, Fergal and Troeltzsch, John and Aigrain, Suzanne and Bryson, Stephen T. and Caldwell, Doug and Chaplin, William J. and Cochran, William D. and Huber, Daniel and Marcy, Geoffrey W. and Miglio, Andrea and Najita, Joan R. and Smith, Marcie and Twicken, J. D. and Fortney, Jonathan J.},
   year={2014},
   month={Apr},
   pages={398–408} }
   
@article{asym_pupil,
   title={The Asymmetric Pupil Fourier Wavefront Sensor},
   volume={125},
   ISSN={1538-3873},
   url={http://dx.doi.org/10.1086/670670},
   DOI={10.1086/670670},
   number={926},
   journal={Publications of the Astronomical Society of the Pacific},
   publisher={IOP Publishing},
   author={Martinache, Frantz},
   year={2013},
   month={Apr},
   pages={422–430} }

@misc{adam,
      title={Adam: A Method for Stochastic Optimization}, 
      author={Diederik P. Kingma and Jimmy Ba},
      year={2017},
      eprint={1412.6980},
      archivePrefix={arXiv},
      primaryClass={cs.LG}
}




%%%%%%%%%%%%%%%%%%%%%%%%%%%%%%%%%%%%%%%%%%%%%%%%%%%%%%%%%%%%%%%%%%%%%%%
%%%%%%%%%%%%%%%%%%%%%%%%%%%% ALREADY ADDED %%%%%%%%%%%%%%%%%%%%%%%%%%%%
%%%%%%%%%%%%%%%%%%%%%%%%%%%%%%%%%%%%%%%%%%%%%%%%%%%%%%%%%%%%%%%%%%%%%%%

@article{sitzmann2018,
author = {Sitzmann, Vincent and Diamond, Steven and Peng, Yifan and Dun, Xiong and Boyd, Stephen and Heidrich, Wolfgang and Heide, Felix and Wetzstein, Gordon},
title = {End-to-End Optimization of Optics and Image Processing for Achromatic Extended Depth of Field and Super-Resolution Imaging},
year = {2018},
issue_date = {August 2018},
publisher = {Association for Computing Machinery},
address = {New York, NY, USA},
volume = {37},
number = {4},
issn = {0730-0301},
url = {https://doi.org/10.1145/3197517.3201333},
doi = {10.1145/3197517.3201333},
journal = {ACM Trans. Graph.},
month = jul,
articleno = {114},
numpages = {13},
keywords = {computational optics}
}

@ARTICLE{page2020,
       author = {{Page}, Josue and {Favaro}, Paolo},
        title = "{Learning to Model and Calibrate Optics via a Differentiable Wave Optics Simulator}",
      journal = {arXiv e-prints},
     keywords = {Electrical Engineering and Systems Science - Image and Video Processing, Computer Science - Computer Vision and Pattern Recognition},
         year = 2020,
        month = may,
          eid = {arXiv:2005.08562},
        pages = {arXiv:2005.08562},
archivePrefix = {arXiv},
       eprint = {2005.08562},
 primaryClass = {eess.IV},
       adsurl = {https://ui.adsabs.harvard.edu/abs/2020arXiv200508562P},
      adsnote = {Provided by the SAO/NASA Astrophysics Data System}
}


@ARTICLE{oppenheim1981,
  author={A. V. {Oppenheim} and J. S. {Lim}},
  journal={Proceedings of the IEEE}, 
  title={The importance of phase in signals}, 
  year={1981},
  volume={69},
  number={5},
  pages={529-541},
  doi={10.1109/PROC.1981.12022}}
  

@ARTICLE{ygouf2013,
       author = {{Ygouf}, M. and {Mugnier}, L.~M. and {Mouillet}, D. and {Fusco}, T. and {Beuzit}, J. -L.},
        title = "{Simultaneous exoplanet detection and instrument aberration retrieval in multispectral coronagraphic imaging}",
      journal = {\aap},
     keywords = {techniques: high angular resolution, techniques: image processing, planets and satellites: detection, Astrophysics - Instrumentation and Methods for Astrophysics},
         year = 2013,
        month = mar,
       volume = {551},
          eid = {A138},
        pages = {A138},
          doi = {10.1051/0004-6361/201220318},
archivePrefix = {arXiv},
       eprint = {1302.7045},
 primaryClass = {astro-ph.IM},
       adsurl = {https://ui.adsabs.harvard.edu/abs/2013A&A...551A.138Y},
      adsnote = {Provided by the SAO/NASA Astrophysics Data System}
}

@ARTICLE{Kammerer2019,
       author = {{Kammerer}, Jens and {Ireland}, Michael J. and {Martinache}, Frantz and {Girard}, Julien H.},
        title = "{Kernel phase imaging with VLT/NACO: high-contrast detection of new candidate low-mass stellar companions at the diffraction limit}",
      journal = {\mnras},
     keywords = {planets and satellites: detection, planets and satellites: formation, techniques: high angular resolution, techniques: image processing, techniques: interferometric, binaries: close, Astrophysics - Earth and Planetary Astrophysics, Astrophysics - Instrumentation and Methods for Astrophysics},
         year = 2019,
        month = jun,
       volume = {486},
       number = {1},
        pages = {639-654},
          doi = {10.1093/mnras/stz882},
archivePrefix = {arXiv},
       eprint = {1903.11252},
 primaryClass = {astro-ph.EP},
       adsurl = {https://ui.adsabs.harvard.edu/abs/2019MNRAS.486..639K},
      adsnote = {Provided by the SAO/NASA Astrophysics Data System}
}

@ARTICLE{Kammerer2022,
       author = {{Kammerer}, Jens and {Cooper}, Rachel A. and {Vandal}, Thomas and {Thatte}, Deepashri and {Martinache}, Frantz and {Sivaramakrishnan}, Anand and {Chaushev}, Alexander and {Stolker}, Tomas and {Lloyd}, James P. and {Albert}, Lo{\"\i}c and {Doyon}, Ren{\'e} and {Sallum}, Steph and {Perrin}, Marshall D. and {Pueyo}, Laurent and {M{\'e}rand}, Antoine and {Gallenne}, Alexandre and {Greenbaum}, Alexandra and {Sanchez-Bermudez}, Joel and {Blakely}, Dori and {Johnstone}, Doug and {Volk}, Kevin and {Martel}, Andre and {Goudfrooij}, Paul and {Meyer}, Michael R. and {Willott}, Chris J. and {De Furio}, Matthew and {Dang}, Lisa and {Radica}, Michael and {Noirot}, Ga{\"e}l},
        title = "{The Near Infrared Imager and Slitless Spectrograph for JWST -- V. Kernel Phase Imaging and Data Analysis}",
      journal = {arXiv e-prints},
     keywords = {Astrophysics - Instrumentation and Methods for Astrophysics, Astrophysics - Earth and Planetary Astrophysics, Astrophysics - Solar and Stellar Astrophysics},
         year = 2022,
        month = oct,
          eid = {arXiv:2210.17528},
        pages = {arXiv:2210.17528},
archivePrefix = {arXiv},
       eprint = {2210.17528},
 primaryClass = {astro-ph.IM},
       adsurl = {https://ui.adsabs.harvard.edu/abs/2022arXiv221017528K},
      adsnote = {Provided by the SAO/NASA Astrophysics Data System}
}

@INPROCEEDINGS{Perrin2012,
       author = {{Perrin}, Marshall D. and {Soummer}, R{\'e}mi and {Elliott}, Erin M. and {Lallo}, Matthew D. and {Sivaramakrishnan}, Anand},
        title = "{Simulating point spread functions for the James Webb Space Telescope with WebbPSF}",
    booktitle = {Space Telescopes and Instrumentation 2012: Optical, Infrared, and Millimeter Wave},
         year = 2012,
       editor = {{Clampin}, Mark C. and {Fazio}, Giovanni G. and {MacEwen}, Howard A. and {Oschmann}, Jacobus M., Jr.},
       series = {Society of Photo-Optical Instrumentation Engineers (SPIE) Conference Series},
       volume = {8442},
        month = sep,
          eid = {84423D},
        pages = {84423D},
          doi = {10.1117/12.925230},
       adsurl = {https://ui.adsabs.harvard.edu/abs/2012SPIE.8442E..3DP},
      adsnote = {Provided by the SAO/NASA Astrophysics Data System}
}
@ARTICLE{Gardner2006,
       author = {{Gardner}, Jonathan P. and {Mather}, John C. and {Clampin}, Mark and {Doyon}, Rene and {Greenhouse}, Matthew A. and {Hammel}, Heidi B. and {Hutchings}, John B. and {Jakobsen}, Peter and {Lilly}, Simon J. and {Long}, Knox S. and {Lunine}, Jonathan I. and {McCaughrean}, Mark J. and {Mountain}, Matt and {Nella}, John and {Rieke}, George H. and {Rieke}, Marcia J. and {Rix}, Hans-Walter and {Smith}, Eric P. and {Sonneborn}, George and {Stiavelli}, Massimo and {Stockman}, H.~S. and {Windhorst}, Rogier A. and {Wright}, Gillian S.},
        title = "{The James Webb Space Telescope}",
      journal = {\ssr},
     keywords = {galaxies: formation, infrared: general, planetary systems, space vehicles: instruments, stars: formation, Astrophysics},
         year = 2006,
        month = apr,
       volume = {123},
       number = {4},
        pages = {485-606},
          doi = {10.1007/s11214-006-8315-7},
archivePrefix = {arXiv},
       eprint = {astro-ph/0606175},
 primaryClass = {astro-ph},
       adsurl = {https://ui.adsabs.harvard.edu/abs/2006SSRv..123..485G},
      adsnote = {Provided by the SAO/NASA Astrophysics Data System}
}
@INPROCEEDINGS{Zellem2022,
       author = {{Zellem}, Robert T. and {Nemati}, Bijan and {Gonzalez}, Guillermo and {Ygouf}, Marie and {Bailey}, Vanessa P. and {Cady}, Eric J. and {Colavita}, M. Mark and {Hildebrandt}, Sergi R. and {Maier}, Erin R. and {Mennesson}, Bertrand and {Payne}, Lindsey and {Zimmerman}, Neil T. and {Belikov}, Ruslan and {De Rosa}, Robert J. and {Debes}, John and {Douglas}, Ewan S. and {Girard}, Julien and {Groff}, Tyler and {Kasdin}, Jeremy and {Lowrance}, Patrick J. and {Macintosh}, Bruce and {Ryan}, Daniel and {Weisberg}, Carey},
        title = "{Nancy Grace Roman Space Telescope coronagraph instrument observation calibration plan}",
     keywords = {Astrophysics - Instrumentation and Methods for Astrophysics},
    booktitle = {Space Telescopes and Instrumentation 2022: Optical, Infrared, and Millimeter Wave},
         year = 2022,
       editor = {{Coyle}, Laura E. and {Matsuura}, Shuji and {Perrin}, Marshall D.},
       series = {Society of Photo-Optical Instrumentation Engineers (SPIE) Conference Series},
       volume = {12180},
        month = aug,
          eid = {121801Z},
        pages = {121801Z},
          doi = {10.1117/12.2627567},
archivePrefix = {arXiv},
       eprint = {2202.05923},
 primaryClass = {astro-ph.IM},
       adsurl = {https://ui.adsabs.harvard.edu/abs/2022SPIE12180E..1ZZ},
      adsnote = {Provided by the SAO/NASA Astrophysics Data System}
}

@article{Rustamkulov2022,
  doi = {10.3847/2041-8213/ac5b6f},
  url = {https://doi.org/10.3847/2041-8213/ac5b6f},
  year = {2022},
  month = mar,
  publisher = {American Astronomical Society},
  volume = {928},
  number = {1},
  pages = {L7},
  author = {Zafar Rustamkulov and David K. Sing and Rongrong Liu and Ashley Wang},
  title = {Analysis of a {JWST} {NIRSpec} Lab Time Series: Characterizing Systematics,  Recovering Exoplanet Transit Spectroscopy,  and Constraining a Noise Floor},
  journal = {The Astrophysical Journal Letters}
}

@ARTICLE{Hedges2021,
       author = {{Hedges}, Christina and {Luger}, Rodrigo and {Martinez-Palomera}, Jorge and {Dotson}, Jessie and {Barentsen}, Geert},
        title = "{Linearized Field Deblending: Point-spread Function Photometry for Impatient Astronomers}",
      journal = {\aj},
     keywords = {Time series analysis, Photometry, Computational methods, Astronomy data analysis, 1916, 1234, 1965, 1858, Astrophysics - Instrumentation and Methods for Astrophysics, Astrophysics - Earth and Planetary Astrophysics},
         year = 2021,
        month = sep,
       volume = {162},
       number = {3},
          eid = {107},
        pages = {107},
          doi = {10.3847/1538-3881/ac0825},
archivePrefix = {arXiv},
       eprint = {2106.08411},
 primaryClass = {astro-ph.IM},
       adsurl = {https://ui.adsabs.harvard.edu/abs/2021AJ....162..107H},
      adsnote = {Provided by the SAO/NASA Astrophysics Data System}
}
@ARTICLE{Zhu2017,
       author = {{Zhu}, Wei and {Huang}, C.~X. and {Udalski}, A. and {Soares-Furtado}, M. and {Poleski}, R. and {Skowron}, J. and {Mr{\'o}z}, P. and {Szyma{\'n}ski}, M.~K. and {Soszy{\'n}ski}, I. and {Pietrukowicz}, P. and {Koz{\L}owski}, S. and {Ulaczyk}, K. and {Pawlak}, M.},
        title = "{Extracting Microlensing Signals from {K2} Campaign 9}",
      journal = {\pasp},
     keywords = {Astrophysics - Instrumentation and Methods for Astrophysics, Astrophysics - Earth and Planetary Astrophysics},
         year = 2017,
        month = oct,
       volume = {129},
       number = {980},
        pages = {104501},
          doi = {10.1088/1538-3873/aa7dd7},
archivePrefix = {arXiv},
       eprint = {1704.08692},
 primaryClass = {astro-ph.IM},
       adsurl = {https://ui.adsabs.harvard.edu/abs/2017PASP..129j4501Z},
      adsnote = {Provided by the SAO/NASA Astrophysics Data System}
}
@ARTICLE{Coe2009,
       author = {{Coe}, Dan},
        title = "{Fisher Matrices and Confidence Ellipses: A Quick-Start Guide and Software}",
      journal = {arXiv e-prints},
     keywords = {Astrophysics - Instrumentation and Methods for Astrophysics, Astrophysics - Cosmology and Extragalactic Astrophysics},
         year = 2009,
        month = jun,
          eid = {arXiv:0906.4123},
        pages = {arXiv:0906.4123},
archivePrefix = {arXiv},
       eprint = {0906.4123},
 primaryClass = {astro-ph.IM},
       adsurl = {https://ui.adsabs.harvard.edu/abs/2009arXiv0906.4123C},
      adsnote = {Provided by the SAO/NASA Astrophysics Data System}
}


@ARTICLE{Nardiello2019,
       author = {{Nardiello}, D. and {Borsato}, L. and {Piotto}, G. and {Colombo}, L.~S. and {Manthopoulou}, E.~E. and {Bedin}, L.~R. and {Granata}, V. and {Lacedelli}, G. and {Libralato}, M. and {Malavolta}, L. and {Montalto}, M. and {Nascimbeni}, V.},
        title = "{A PSF-based Approach to TESS High quality data Of Stellar clusters (PATHOS) - I. Search for exoplanets and variable stars in the field of 47 Tuc}",
      journal = {\mnras},
     keywords = {techniques: image processing, techniques: photometric, stars: variables: general, globular clusters: individual: NGC 104, Astrophysics - Solar and Stellar Astrophysics, Astrophysics - Earth and Planetary Astrophysics, Astrophysics - Astrophysics of Galaxies},
         year = 2019,
        month = dec,
       volume = {490},
       number = {3},
        pages = {3806-3823},
          doi = {10.1093/mnras/stz2878},
archivePrefix = {arXiv},
       eprint = {1910.03592},
 primaryClass = {astro-ph.SR},
       adsurl = {https://ui.adsabs.harvard.edu/abs/2019MNRAS.490.3806N},
      adsnote = {Provided by the SAO/NASA Astrophysics Data System}
}
@ARTICLE{Higgins2022,
       author = {{Higgins}, Michael E. and {Bell}, Keaton J.},
        title = "{Localizing Sources of Variability in Crowded TESS Photometry}",
      journal = {arXiv e-prints},
     keywords = {Astrophysics - Instrumentation and Methods for Astrophysics},
         year = 2022,
        month = apr,
          eid = {arXiv:2204.06020},
        pages = {arXiv:2204.06020},
archivePrefix = {arXiv},
       eprint = {2204.06020},
 primaryClass = {astro-ph.IM},
       adsurl = {https://ui.adsabs.harvard.edu/abs/2022arXiv220406020H},
      adsnote = {Provided by the SAO/NASA Astrophysics Data System}
}

@article{Handberg2021,
doi = {10.3847/1538-3881/ac09f1},
url = {https://dx.doi.org/10.3847/1538-3881/ac09f1},
year = {2021},
month = {sep},
publisher = {The American Astronomical Society},
volume = {162},
number = {4},
pages = {170},
author = {Rasmus Handberg and Mikkel N. Lund and Timothy R. White and Oliver J. Hall and Derek L. Buzasi and Benjamin J. S. Pope and Jonas S. Hansen and Carolina von Essen and Lindsey Carboneau and Daniel Huber and Roland K. Vanderspek and Michael M. Fausnaugh and Peter Tenenbaum and Jon M. Jenkins and The T’DA Collaboration},
title = {TESS Data for Asteroseismology: Photometry},
journal = {The Astronomical Journal}
}


@ARTICLE{Cantalloube2021,
       author = {{Cantalloube}, F. and {Gomez-Gonzalez}, C. and {Absil}, O. and {Cantero}, C. and {Bacher}, R. and {Bonse}, M.~J. and {Bottom}, M. and {Dahlqvist}, C. -H. and {Desgrange}, C. and {Flasseur}, O. and {Fuhrmann}, T. and {Henning}, Th. and {Jensen-Clem}, R. and {Kenworthy}, M. and {Mawet}, D. and {Mesa}, D. and {Meshkat}, T. and {Mouillet}, D. and {Mueller}, A. and {Nasedkin}, E. and {Pairet}, B. and {Pierard}, S. and {Ruffio}, J. -B. and {Samland}, M. and {Stone}, J. and {Van Droogenbroeck}, M.},
        title = "{Exoplanet Imaging Data Challenge: benchmarking the various image processing methods for exoplanet detection}",
      journal = {arXiv e-prints},
     keywords = {Astrophysics - Instrumentation and Methods for Astrophysics, Astrophysics - Earth and Planetary Astrophysics},
         year = 2021,
        month = jan,
          eid = {arXiv:2101.05080},
        pages = {arXiv:2101.05080},
archivePrefix = {arXiv},
       eprint = {2101.05080},
 primaryClass = {astro-ph.IM},
       adsurl = {https://ui.adsabs.harvard.edu/abs/2021arXiv210105080C},
      adsnote = {Provided by the SAO/NASA Astrophysics Data System}
}



@INPROCEEDINGS{Perrin2014,
       author = {{Perrin}, Marshall D. and {Sivaramakrishnan}, Anand and {Lajoie}, Charles-Philippe and {Elliott}, Erin and {Pueyo}, Laurent and {Ravindranath}, Swara and {Albert}, Lo{\"\i}c.},
        title = "{Updated point spread function simulations for JWST with WebbPSF}",
    booktitle = {Space Telescopes and Instrumentation 2014: Optical, Infrared, and Millimeter Wave},
         year = 2014,
       editor = {{Oschmann}, Jacobus M., Jr. and {Clampin}, Mark and {Fazio}, Giovanni G. and {MacEwen}, Howard A.},
       series = {Society of Photo-Optical Instrumentation Engineers (SPIE) Conference Series},
       volume = {9143},
        month = aug,
          eid = {91433X},
        pages = {91433X},
          doi = {10.1117/12.2056689},
       adsurl = {https://ui.adsabs.harvard.edu/abs/2014SPIE.9143E..3XP},
      adsnote = {Provided by the SAO/NASA Astrophysics Data System}
}

@article{Huijser2022,
  doi = {10.1111/anzs.12358},
  url = {https://doi.org/10.1111/anzs.12358},
  year = {2022},
  month = feb,
  publisher = {Wiley},
  volume = {64},
  number = {1},
  pages = {1--26},
  author = {David Huijser and Jesse Goodman and Brendon J. Brewer},
  title = {Properties of the affine-invariant ensemble sampler{\textquotesingle}s `stretch move' in high dimensions},
  journal = {Australian {\&} New Zealand Journal of Statistics}
}

@ARTICLE{Sivaramakrishnan2022,
       author = {{Sivaramakrishnan}, Anand and {Tuthill}, Peter and {Lloyd}, James P. and {Greenbaum}, Alexandra Z. and {Thatte}, Deepashri and {Cooper}, Rachel A. and {Vandal}, Thomas and {Kammerer}, Jens and {Sanchez-Bermudez}, Joel and {Pope}, Benjamin J.~S. and {Blakely}, Dori and {Albert}, Lo{\"\i}c and {Cook}, Neil J. and {Johnstone}, Doug and {Martel}, Andr{\'e} R. and {Volk}, Kevin and {Soulain}, Anthony and {Artigau}, {\'E}tienne and {Lafreni{\`e}re}, David and {Willott}, Chris J. and {Parmentier}, S{\'e}bastien and {Ford}, K.~E. Saavik and {McKernan}, Barry and {Bego{\~n}a Vila}, M. and {Rowlands}, Neil and {Doyon}, Ren{\'e} and {Desdoigts}, Louis and {Fullerton}, Alexander W. and {De Furio}, Matthew and {Goudfrooij}, Paul and {Holfeltz}, Sherie T. and {LaMassa}, Stephanie and {Maszkiewicz}, Michael and {Meyer}, Michael R. and {Perrin}, Marshall D. and {Pueyo}, Laurent and {Sahlmann}, Johannes and {Sohn}, Sangmo Tony and {Teixeira}, Paula S.},
        title = "{The Near Infrared Imager and Slitless Spectrograph for the James Webb Space Telescope -- IV. Aperture Masking Interferometry}",
      journal = {arXiv e-prints},
     keywords = {Astrophysics - Instrumentation and Methods for Astrophysics},
         year = 2022,
        month = oct,
          eid = {arXiv:2210.17434},
        pages = {arXiv:2210.17434},
archivePrefix = {arXiv},
       eprint = {2210.17434},
 primaryClass = {astro-ph.IM},
       adsurl = {https://ui.adsabs.harvard.edu/abs/2022arXiv221017434S},
      adsnote = {Provided by the SAO/NASA Astrophysics Data System}
}

@ARTICLE{Kingma2014,
       author = {{Kingma}, Diederik P. and {Ba}, Jimmy},
        title = "{Adam: A Method for Stochastic Optimization}",
      journal = {arXiv e-prints},
     keywords = {Computer Science - Machine Learning},
         year = 2014,
        month = dec,
          eid = {arXiv:1412.6980},
        pages = {arXiv:1412.6980},
archivePrefix = {arXiv},
       eprint = {1412.6980},
 primaryClass = {cs.LG},
       adsurl = {https://ui.adsabs.harvard.edu/abs/2014arXiv1412.6980K},
      adsnote = {Provided by the SAO/NASA Astrophysics Data System}
}


@ARTICLE{Martinache2013,
       author = {{Martinache}, Frantz},
        title = "{The Asymmetric Pupil Fourier Wavefront Sensor}",
      journal = {\pasp},
     keywords = {Astrophysics - Instrumentation and Methods for Astrophysics},
         year = 2013,
        month = apr,
       volume = {125},
       number = {926},
        pages = {422},
          doi = {10.1086/670670},
archivePrefix = {arXiv},
       eprint = {1303.6678},
 primaryClass = {astro-ph.IM},
       adsurl = {https://ui.adsabs.harvard.edu/abs/2013PASP..125..422M},
      adsnote = {Provided by the SAO/NASA Astrophysics Data System}
}

@ARTICLE{Martinache2010,
       author = {{Martinache}, Frantz},
        title = "{Kernel Phase in Fizeau Interferometry}",
      journal = {\apj},
     keywords = {binaries: close, methods: data analysis, stars: low-mass, techniques: high angular resolution, techniques: image processing, techniques: interferometric, Astrophysics - Instrumentation and Methods for Astrophysics},
         year = 2010,
        month = nov,
       volume = {724},
       number = {1},
        pages = {464-469},
          doi = {10.1088/0004-637X/724/1/464},
archivePrefix = {arXiv},
       eprint = {1009.3933},
 primaryClass = {astro-ph.IM},
       adsurl = {https://ui.adsabs.harvard.edu/abs/2010ApJ...724..464M},
      adsnote = {Provided by the SAO/NASA Astrophysics Data System}
}



@INPROCEEDINGS{Girard2022,
       author = {{Girard}, Julien H. and {Leisenring}, Jarron and {Kammerer}, Jens and {Gennaro}, Mario and {Rieke}, Marcia and {Stansberry}, John and {Rest}, Armin and {Egami}, Eiichi and {Sunnquist}, Ben and {Boyer}, Martha and {Canipe}, Alicia and {Correnti}, Matteo and {Hilbert}, Bryan and {Perrin}, Marshall D. and {Pueyo}, Laurent and {Soummer}, Remi and {Allen}, Marsha and {Bushouse}, Howard and {Aguilar}, Jonathan and {Brooks}, Brian and {Coe}, Dan and {DiFelice}, Audrey and {Golimowski}, David and {Hartig}, George and {Hines}, Dean C. and {Koekemoer}, Anton and {Nickson}, Bryony and {Nikolov}, Nikolay and {Kozhurina-Platais}, Vera and {Pirzkal}, Nor and {Robberto}, Massimo and {Sivaramakrishnan}, Anand and {Sohn}, Sangmo Tony and {Telfer}, Randal and {Wu}, Chi Rai and {Beatty}, Thomas and {Florian}, Michael and {Hainline}, Kevin and {Kelly}, Doug and {Misselt}, Karl and {Schlawin}, Everett and {Sun}, Fengwu and {Williams}, Christina and {Willmer}, Christopher and {Stark}, Christopher and {Ygouf}, Marie and {Carter}, Aarynn and {Beichman}, Charles and {Greene}, Thomas P. and {Roellig}, Thomas and {Krist}, John and {Adams Redai}, J{\'e}a. and {Wang}, Jason and {Clark}, Charles R. and {Lewis}, Dan and {Ferry}, Malcolm},
        title = "{JWST/NIRCam coronagraphy: commissioning and first on-sky results}",
     keywords = {Astrophysics - Instrumentation and Methods for Astrophysics, Astrophysics - Earth and Planetary Astrophysics, Physics - Instrumentation and Detectors, Physics - Optics},
    booktitle = {Space Telescopes and Instrumentation 2022: Optical, Infrared, and Millimeter Wave},
         year = 2022,
       editor = {{Coyle}, Laura E. and {Matsuura}, Shuji and {Perrin}, Marshall D.},
       series = {Society of Photo-Optical Instrumentation Engineers (SPIE) Conference Series},
       volume = {12180},
        month = aug,
          eid = {121803Q},
        pages = {121803Q},
          doi = {10.1117/12.2629636},
archivePrefix = {arXiv},
       eprint = {2208.00998},
 primaryClass = {astro-ph.IM},
       adsurl = {https://ui.adsabs.harvard.edu/abs/2022SPIE12180E..3QG},
      adsnote = {Provided by the SAO/NASA Astrophysics Data System}
}
@ARTICLE{Martinache2020,
       author = {{Martinache}, Frantz and {Ceau}, Alban and {Laugier}, Romain and {Kammerer}, Jens and {N'Diaye}, Mamadou and {Mary}, David and {Cvetojevic}, Nick and {Lopez}, Coline},
        title = "{Kernel-phase analysis: Aperture modeling prescriptions that minimize calibration errors}",
      journal = {\aap},
     keywords = {instrumentation: high angular resolution, methods: data analysis, stars: low-mass, binaries: visual, Astrophysics - Instrumentation and Methods for Astrophysics},
         year = 2020,
        month = apr,
       volume = {636},
          eid = {A72},
        pages = {A72},
          doi = {10.1051/0004-6361/201936981},
archivePrefix = {arXiv},
       eprint = {2003.02032},
 primaryClass = {astro-ph.IM},
       adsurl = {https://ui.adsabs.harvard.edu/abs/2020A&A...636A..72M},
      adsnote = {Provided by the SAO/NASA Astrophysics Data System}
}


@ARTICLE{Borucki2010,
       author = {{Borucki}, William J. and {Koch}, David and {Basri}, Gibor and {Batalha}, Natalie and {Brown}, Timothy and {Caldwell}, Douglas and {Caldwell}, John and {Christensen-Dalsgaard}, J{\o}rgen and {Cochran}, William D. and {DeVore}, Edna and {Dunham}, Edward W. and {Dupree}, Andrea K. and {Gautier}, Thomas N. and {Geary}, John C. and {Gilliland}, Ronald and {Gould}, Alan and {Howell}, Steve B. and {Jenkins}, Jon M. and {Kondo}, Yoji and {Latham}, David W. and {Marcy}, Geoffrey W. and {Meibom}, S{\o}ren and {Kjeldsen}, Hans and {Lissauer}, Jack J. and {Monet}, David G. and {Morrison}, David and {Sasselov}, Dimitar and {Tarter}, Jill and {Boss}, Alan and {Brownlee}, Don and {Owen}, Toby and {Buzasi}, Derek and {Charbonneau}, David and {Doyle}, Laurance and {Fortney}, Jonathan and {Ford}, Eric B. and {Holman}, Matthew J. and {Seager}, Sara and {Steffen}, Jason H. and {Welsh}, William F. and {Rowe}, Jason and {Anderson}, Howard and {Buchhave}, Lars and {Ciardi}, David and {Walkowicz}, Lucianne and {Sherry}, William and {Horch}, Elliott and {Isaacson}, Howard and {Everett}, Mark E. and {Fischer}, Debra and {Torres}, Guillermo and {Johnson}, John Asher and {Endl}, Michael and {MacQueen}, Phillip and {Bryson}, Stephen T. and {Dotson}, Jessie and {Haas}, Michael and {Kolodziejczak}, Jeffrey and {Van Cleve}, Jeffrey and {Chandrasekaran}, Hema and {Twicken}, Joseph D. and {Quintana}, Elisa V. and {Clarke}, Bruce D. and {Allen}, Christopher and {Li}, Jie and {Wu}, Haley and {Tenenbaum}, Peter and {Verner}, Ekaterina and {Bruhweiler}, Frederick and {Barnes}, Jason and {Prsa}, Andrej},
        title = "{Kepler Planet-Detection Mission: Introduction and First Results}",
      journal = {Science},
     keywords = {ASTRONOMY},
         year = 2010,
        month = feb,
       volume = {327},
       number = {5968},
        pages = {977},
          doi = {10.1126/science.1185402},
       adsurl = {https://ui.adsabs.harvard.edu/abs/2010Sci...327..977B},
      adsnote = {Provided by the SAO/NASA Astrophysics Data System}
}

@ARTICLE{Soummer2007,
       author = {{Soummer}, R. and {Pueyo}, L. and {Sivaramakrishnan}, A. and {Vanderbei}, R.~J.},
        title = "{Fast computation of Lyot-style coronagraph propagation}",
      journal = {Optics Express},
     keywords = {Astrophysics},
         year = 2007,
        month = jan,
       volume = {15},
       number = {24},
        pages = {15935},
          doi = {10.1364/OE.15.015935},
archivePrefix = {arXiv},
       eprint = {0711.0368},
 primaryClass = {astro-ph},
       adsurl = {https://ui.adsabs.harvard.edu/abs/2007OExpr..1515935S},
      adsnote = {Provided by the SAO/NASA Astrophysics Data System}
}


@ARTICLE{Ricker2015,
       author = {{Ricker}, George R. and {Winn}, Joshua N. and {Vanderspek}, Roland and {Latham}, David W. and {Bakos}, G{\'a}sp{\'a}r {\'A}. and {Bean}, Jacob L. and {Berta-Thompson}, Zachory K. and {Brown}, Timothy M. and {Buchhave}, Lars and {Butler}, Nathaniel R. and {Butler}, R. Paul and {Chaplin}, William J. and {Charbonneau}, David and {Christensen-Dalsgaard}, J{\o}rgen and {Clampin}, Mark and {Deming}, Drake and {Doty}, John and {De Lee}, Nathan and {Dressing}, Courtney and {Dunham}, Edward W. and {Endl}, Michael and {Fressin}, Francois and {Ge}, Jian and {Henning}, Thomas and {Holman}, Matthew J. and {Howard}, Andrew W. and {Ida}, Shigeru and {Jenkins}, Jon M. and {Jernigan}, Garrett and {Johnson}, John Asher and {Kaltenegger}, Lisa and {Kawai}, Nobuyuki and {Kjeldsen}, Hans and {Laughlin}, Gregory and {Levine}, Alan M. and {Lin}, Douglas and {Lissauer}, Jack J. and {MacQueen}, Phillip and {Marcy}, Geoffrey and {McCullough}, Peter R. and {Morton}, Timothy D. and {Narita}, Norio and {Paegert}, Martin and {Palle}, Enric and {Pepe}, Francesco and {Pepper}, Joshua and {Quirrenbach}, Andreas and {Rinehart}, Stephen A. and {Sasselov}, Dimitar and {Sato}, Bun'ei and {Seager}, Sara and {Sozzetti}, Alessandro and {Stassun}, Keivan G. and {Sullivan}, Peter and {Szentgyorgyi}, Andrew and {Torres}, Guillermo and {Udry}, Stephane and {Villasenor}, Joel},
        title = "{Transiting Exoplanet Survey Satellite (TESS)}",
      journal = {Journal of Astronomical Telescopes, Instruments, and Systems},
         year = 2015,
        month = jan,
       volume = {1},
          eid = {014003},
        pages = {014003},
          doi = {10.1117/1.JATIS.1.1.014003},
       adsurl = {https://ui.adsabs.harvard.edu/abs/2015JATIS...1a4003R},
      adsnote = {Provided by the SAO/NASA Astrophysics Data System}
}

@ARTICLE{Betancourt2017,
       author = {{Betancourt}, Michael},
        title = "{A Conceptual Introduction to Hamiltonian Monte Carlo}",
      journal = {arXiv e-prints},
     keywords = {Statistics - Methodology},
         year = 2017,
        month = jan,
          eid = {arXiv:1701.02434},
        pages = {arXiv:1701.02434},
archivePrefix = {arXiv},
       eprint = {1701.02434},
 primaryClass = {stat.ME},
       adsurl = {https://ui.adsabs.harvard.edu/abs/2017arXiv170102434B},
      adsnote = {Provided by the SAO/NASA Astrophysics Data System}
}




  @ARTICLE{schechtman2015,
  author={Y. {Shechtman} and Y. C. {Eldar} and O. {Cohen} and H. N. {Chapman} and J. {Miao} and M. {Segev}},
  journal={IEEE Signal Processing Magazine}, 
  title={Phase Retrieval with Application to Optical Imaging: A contemporary overview}, 
  year={2015},
  volume={32},
  number={3},
  pages={87-109},
  doi={10.1109/MSP.2014.2352673}}
  
  @article{gerchberg1972,
  author = {Gerchberg, R. W. and Saxton, W. O.},
  doc-delivery-number = {{M3124}},
  interhash = {d01ff367f6b917a591ab2686e22a5dba},
  intrahash = {2e90c268a09eb773f60b786a26cec443},
  issn = {{0030-4026}},
  journal = {{Optik}},
  journal-iso = {{Optik}},
  number = {{2}},
  pages = {{237-246}},
  title = {{A Practical Algorithm for the Determination of Phase from Image and Diffraction Plane Pictures}},
  type = {{Article}},
  unique-id = {{ISI:A1972M312400012}},
  volume = {{35}},
  year = {{1972}}
}
@ARTICLE{Stefansson2017,
       author = {{Stefansson}, Gudmundur and {Mahadevan}, Suvrath and {Hebb}, Leslie and {Wisniewski}, John and {Huehnerhoff}, Joseph and {Morris}, Brett and {Halverson}, Sam and {Zhao}, Ming and {Wright}, Jason and {O'rourke}, Joseph and {Knutson}, Heather and {Hawley}, Suzanne and {Kanodia}, Shubham and {Li}, Yiting and {Hagen}, Lea M.~Z. and {Liu}, Leo J. and {Beatty}, Thomas and {Bender}, Chad and {Robertson}, Paul and {Dembicky}, Jack and {Gray}, Candace and {Ketzeback}, William and {McMillan}, Russet and {Rudyk}, Theodore},
        title = "{Toward Space-like Photometric Precision from the Ground with Beam-shaping Diffusers}",
      journal = {\apj},
     keywords = {instrumentation: miscellaneous, planets and satellites: fundamental parameters, techniques: photometric, Astrophysics - Instrumentation and Methods for Astrophysics, Astrophysics - Earth and Planetary Astrophysics},
         year = 2017,
        month = oct,
       volume = {848},
       number = {1},
          eid = {9},
        pages = {9},
          doi = {10.3847/1538-4357/aa88aa},
archivePrefix = {arXiv},
       eprint = {1710.01790},
 primaryClass = {astro-ph.IM},
       adsurl = {https://ui.adsabs.harvard.edu/abs/2017ApJ...848....9S},
      adsnote = {Provided by the SAO/NASA Astrophysics Data System}
}


@InProceedings{fletcher2003,
author="Fletcher, Peter A.
and Larkin, Kieran G.",
editor="Petitcolas, Fabien A. P.",
title="Direct Embedding and Detection of RST Invariant Watermarks",
booktitle="Information Hiding",
year="2003",
publisher="Springer Berlin Heidelberg",
address="Berlin, Heidelberg",
pages="129--144",
isbn="978-3-540-36415-3"
}

@article{fienup1978,
author = {J. R. Fienup},
journal = {Opt. Lett.},
keywords = {Atmospheric turbulence; Coherence theory; Fourier transforms; Large telescopes; Laser speckle; Spatial frequency},
number = {1},
pages = {27--29},
publisher = {OSA},
title = {Reconstruction of an object from the modulus of its Fourier transform},
volume = {3},
month = {Jul},
year = {1978},
url = {http://ol.osa.org/abstract.cfm?URI=ol-3-1-27},
doi = {10.1364/OL.3.000027},
}

@article{barnett2020,
	doi = {10.1088/1361-6420/aba5ed},
	url = {https://doi.org/10.1088/1361-6420/aba5ed},
	year = 2020,
	month = {sep},
	publisher = {{IOP} Publishing},
	volume = {36},
	number = {9},
	pages = {094003},
	author = {Alexander H Barnett and Charles L Epstein and Leslie F Greengard and Jeremy F Magland},
	title = {Geometry of the phase retrieval problem},
	journal = {Inverse Problems}
}

@INPROCEEDINGS{lempitsky2018,
  author={V. {Lempitsky} and A. {Vedaldi} and D. {Ulyanov}},
  booktitle={2018 IEEE/CVF Conference on Computer Vision and Pattern Recognition}, 
  title={Deep Image Prior}, 
  year={2018},
  volume={},
  number={},
  pages={9446-9454},
  doi={10.1109/CVPR.2018.00984}}

  
@article{Metropolis1953,
  doi = {10.1063/1.1699114},
  url = {https://doi.org/10.1063/1.1699114},
  year = {1953},
  month = jun,
  publisher = {{AIP} Publishing},
  volume = {21},
  number = {6},
  pages = {1087--1092},
  author = {Nicholas Metropolis and Arianna W. Rosenbluth and Marshall N. Rosenbluth and Augusta H. Teller and Edward Teller},
  title = {Equation of State Calculations by Fast Computing Machines},
  journal = {The Journal of Chemical Physics}
}
  @misc{hoyer2019,
      title={Neural reparameterization improves structural optimization}, 
      author={Stephan Hoyer and Jascha Sohl-Dickstein and Sam Greydanus},
      year={2019},
      eprint={1909.04240},
      archivePrefix={arXiv},
      primaryClass={cs.LG}
}
@ARTICLE{morningstar2019,
       author = {{Morningstar}, Warren R. and {Perreault Levasseur}, Laurence and {Hezaveh}, Yashar D. and {Blandford}, Roger and {Marshall}, Phil and {Putzky}, Patrick and {Rueter}, Thomas D. and {Wechsler}, Risa and {Welling}, Max},
        title = "{Data-driven Reconstruction of Gravitationally Lensed Galaxies Using Recurrent Inference Machines}",
      journal = {The Astrophysical Journal},
     keywords = {Convolutional neural networks, Strong gravitational lensing, Neural networks, Astrophysics - Instrumentation and Methods for Astrophysics, Astrophysics - Cosmology and Nongalactic Astrophysics, Astrophysics - Astrophysics of Galaxies},
         year = 2019,
        month = sep,
       volume = {883},
       number = {1},
          eid = {14},
        pages = {14},
          doi = {10.3847/1538-4357/ab35d7},
archivePrefix = {arXiv},
       eprint = {1901.01359},
 primaryClass = {astro-ph.IM},
       adsurl = {https://ui.adsabs.harvard.edu/abs/2019ApJ...883...14M},
      adsnote = {Provided by the SAO/NASA Astrophysics Data System}
}
@ARTICLE{tanaka2006,
       author = {{Tanaka}, Shinichiro and {Enya}, Keigo and {Abe}, Lyu and {Nakagawa}, Takao and {Kataza}, Hirokazu},
        title = "{Binary-Shaped Pupil Coronagraphs for High-Contrast Imaging Using a Space Telescope with Central Obstructions}",
      journal = {\pasj},
     keywords = {instrumentation: miscellaneous, stars: planetary systems, techniques: high angular resolution},
         year = 2006,
        month = jun,
       volume = {58},
        pages = {627-639},
          doi = {10.1093/pasj/58.3.627},
       adsurl = {https://ui.adsabs.harvard.edu/abs/2006PASJ...58..627T},
      adsnote = {Provided by the SAO/NASA Astrophysics Data System}
}


@inproceedings{fontaine2018,
author = {Nicolas K. Fontaine and Roland Ryf and Haoshuo Chen and David T. Neilson and Kwangwoong Kim and Joel Carpenter},
title = {{Multi-plane light conversion of high spatial mode count}},
volume = {10744},
booktitle = {Laser Beam Shaping XVIII},
editor = {Angela Dudley and Alexander V. Laskin},
organization = {International Society for Optics and Photonics},
publisher = {SPIE},
pages = {120 -- 125},
year = {2018},
doi = {10.1117/12.2323200},
URL = {https://doi.org/10.1117/12.2323200}
}
@ARTICLE{guyon2012,
       author = {{Guyon}, Olivier and {Bendek}, Eduardo A. and {Eisner}, Josh A. and {Angel}, Roger and {Woolf}, Neville J. and {Milster}, Thomas D. and {Ammons}, S. Mark and {Shao}, Michael and {Shaklan}, Stuart and {Levine}, Marie and {Nemati}, Bijan and {Pitman}, Joe and {Woodruff}, Robert A. and {Belikov}, Ruslan},
        title = "{High-precision Astrometry with a Diffractive Pupil Telescope}",
      journal = {\apjs},
     keywords = {astrometry, planets and satellites: detection, techniques: high angular resolution, telescopes, Astrophysics - Instrumentation and Methods for Astrophysics},
         year = 2012,
        month = jun,
       volume = {200},
       number = {2},
          eid = {11},
        pages = {11},
          doi = {10.1088/0067-0049/200/2/11},
archivePrefix = {arXiv},
       eprint = {1304.0370},
 primaryClass = {astro-ph.IM},
       adsurl = {https://ui.adsabs.harvard.edu/abs/2012ApJS..200...11G},
      adsnote = {Provided by the SAO/NASA Astrophysics Data System}
}



@ARTICLE{lin2018,
       author = {{Lin}, Xing and {Rivenson}, Yair and {Yardimci}, Nezih T. and {Veli}, Muhammed and {Luo}, Yi and {Jarrahi}, Mona and {Ozcan}, Aydogan},
        title = "{All-optical machine learning using diffractive deep neural networks}",
      journal = {Science},
     keywords = {APP PHYSICS; ENGINEERING, Computer Science - Neural and Evolutionary Computing, Computer Science - Machine Learning, Physics - Computational Physics, Physics - Optics},
         year = 2018,
        month = sep,
       volume = {361},
       number = {6406},
        pages = {1004-1008},
          doi = {10.1126/science.aat8084},
archivePrefix = {arXiv},
       eprint = {1804.08711},
 primaryClass = {cs.NE},
       adsurl = {https://ui.adsabs.harvard.edu/abs/2018Sci...361.1004L},
      adsnote = {Provided by the SAO/NASA Astrophysics Data System}
}
@ARTICLE{komanduri2013,
       author = {{Komanduri}, Ravi K. and {Lawler}, Kristopher F. and {Escuti}, Michael J.},
        title = "{Multi-twist retarders: broadband retardation control using self-aligning reactive liquid crystal layers}",
      journal = {Optics Express},
         year = 2013,
        month = jan,
       volume = {21},
       number = {1},
        pages = {404},
          doi = {10.1364/OE.21.000404},
       adsurl = {https://ui.adsabs.harvard.edu/abs/2013OExpr..21..404K},
      adsnote = {Provided by the SAO/NASA Astrophysics Data System}
}



@ARTICLE{vishniakou2020,
       author = {{Vishniakou}, Ivan and {Seelig}, Johannes D.},
        title = "{Differentiable model-based adaptive optics with transmitted and reflected light}",
      journal = {Optics Express},
     keywords = {Physics - Optics, Computer Science - Machine Learning, Electrical Engineering and Systems Science - Image and Video Processing},
         year = 2020,
        month = aug,
       volume = {28},
       number = {18},
        pages = {26436},
          doi = {10.1364/OE.403487},
archivePrefix = {arXiv},
       eprint = {2007.13400},
 primaryClass = {physics.optics},
       adsurl = {https://ui.adsabs.harvard.edu/abs/2020OExpr..2826436V},
      adsnote = {Provided by the SAO/NASA Astrophysics Data System}
}



@INPROCEEDINGS{sutin2016,
       author = {{Sutin}, Brian M.},
        title = "{An optical toolbox for astronomical instrumentation}",
    booktitle = {Modeling, Systems Engineering, and Project Management for Astronomy VI},
         year = 2016,
       editor = {{Angeli}, George Z. and {Dierickx}, Philippe},
       series = {Society of Photo-Optical Instrumentation Engineers (SPIE) Conference Series},
       volume = {9911},
        month = aug,
          eid = {99112J},
        pages = {99112J},
          doi = {10.1117/12.2233677},
       adsurl = {https://ui.adsabs.harvard.edu/abs/2016SPIE.9911E..2JS},
      adsnote = {Provided by the SAO/NASA Astrophysics Data System}
}


@ARTICLE{karchev2021,
       author = {{Karchev}, Konstantin and {Coogan}, Adam and {Weniger}, Christoph},
        title = "{Strong-lensing source reconstruction with variationally optimised Gaussian processes}",
      journal = {arXiv e-prints},
     keywords = {Astrophysics - Instrumentation and Methods for Astrophysics, Astrophysics - Cosmology and Nongalactic Astrophysics, Astrophysics - Astrophysics of Galaxies},
         year = 2021,
        month = may,
          eid = {arXiv:2105.09465},
        pages = {arXiv:2105.09465},
archivePrefix = {arXiv},
       eprint = {2105.09465},
 primaryClass = {astro-ph.IM},
       adsurl = {https://ui.adsabs.harvard.edu/abs/2021arXiv210509465K},
      adsnote = {Provided by the SAO/NASA Astrophysics Data System}
}



@INPROCEEDINGS{Mukherjee2012,
  author={S. {Mukherjee} and C. S. {Seelamantula}},
  booktitle={2012 IEEE International Conference on Acoustics, Speech and Signal Processing (ICASSP)}, 
  title={An iterative algorithm for phase retrieval with sparsity constraints: application to frequency domain optical coherence tomography}, 
  year={2012},
  volume={},
  number={},
  pages={553-556},
  doi={10.1109/ICASSP.2012.6287939}}
  
@article{Shechtman2011,
author = {Yoav Shechtman and Yonina C. Eldar and Alexander Szameit and Mordechai Segev},
journal = {Opt. Express},
keywords = {Image reconstruction techniques; Partial coherence in imaging; Microscopy; Diffraction limit; Fourier transform spectroscopy; Near field scanning optical microscopy; Optical imaging; Signal recovery; White light},
number = {16},
pages = {14807--14822},
publisher = {OSA},
title = {Sparsity based sub-wavelength imaging with partially incoherent light via quadratic compressed sensing},
volume = {19},
month = {Aug},
year = {2011},
url = {http://www.opticsexpress.org/abstract.cfm?URI=oe-19-16-14807},
doi = {10.1364/OE.19.014807},
}

@ARTICLE{candes2011,
       author = {{Candes}, Emmanuel J. and {Eldar}, Yonina and {Strohmer}, Thomas and {Voroninski}, Vlad},
        title = "{Phase Retrieval via Matrix Completion}",
      journal = {arXiv e-prints},
     keywords = {Computer Science - Information Theory, Mathematics - Numerical Analysis},
         year = 2011,
        month = sep,
          eid = {arXiv:1109.0573},
        pages = {arXiv:1109.0573},
archivePrefix = {arXiv},
       eprint = {1109.0573},
 primaryClass = {cs.IT},
       adsurl = {https://ui.adsabs.harvard.edu/abs/2011arXiv1109.0573C},
      adsnote = {Provided by the SAO/NASA Astrophysics Data System}
}

@ARTICLE{candes2014,
       author = {{Candes}, Emmanuel and {Li}, Xiaodong and {Soltanolkotabi}, Mahdi},
        title = "{Phase Retrieval via Wirtinger Flow: Theory and Algorithms}",
      journal = {arXiv e-prints},
     keywords = {Computer Science - Information Theory, Mathematics - Functional Analysis, Mathematics - Numerical Analysis, Mathematics - Optimization and Control, Mathematics - Statistics Theory},
         year = 2014,
        month = jul,
          eid = {arXiv:1407.1065},
        pages = {arXiv:1407.1065},
archivePrefix = {arXiv},
       eprint = {1407.1065},
 primaryClass = {cs.IT},
       adsurl = {https://ui.adsabs.harvard.edu/abs/2014arXiv1407.1065C},
      adsnote = {Provided by the SAO/NASA Astrophysics Data System}
}


@article{ohlsson2012,
title = {Compressive Phase Retrieval From Squared Output Measurements Via Semidefinite Programming*},
journal = {IFAC Proceedings Volumes},
volume = {45},
number = {16},
pages = {89-94},
year = {2012},
note = {16th IFAC Symposium on System Identification},
issn = {1474-6670},
doi = {https://doi.org/10.3182/20120711-3-BE-2027.00415},
url = {https://www.sciencedirect.com/science/article/pii/S1474667015379337},
author = {Henrik Ohlsson and Allen Y. Yang and Roy Dong and S. Shankar Sastry},
}

@article{waldspurger2015,
author = {Waldspurger, Ir\`{e}ne and D'aspremont, Alexandre and Mallat, St\'{e}phane},
title = {Phase Recovery, MaxCut and Complex Semidefinite Programming},
year = {2015},
issue_date = {February 2015},
publisher = {Springer-Verlag},
address = {Berlin, Heidelberg},
volume = {149},
number = {1–2},
issn = {0025-5610},
url = {https://doi.org/10.1007/s10107-013-0738-9},
doi = {10.1007/s10107-013-0738-9},
journal = {Math. Program.},
month = feb,
pages = {47–81},
numpages = {35},
keywords = {94A12, 90C22, 90C27}
}

@INPROCEEDINGS{bahmani2011,
  author={S. {Bahmani} and P. {Boufounos} and B. {Raj}},
  booktitle={2011 Conference Record of the Forty Fifth Asilomar Conference on Signals, Systems and Computers (ASILOMAR)}, 
  title={Greedy sparsity-constrained optimization}, 
  year={2011},
  volume={},
  number={},
  pages={1148-1152},
  doi={10.1109/ACSSC.2011.6190194}}
  
  @ARTICLE{schechtman2014,
  author={Y. {Shechtman} and A. {Beck} and Y. C. {Eldar}},
  journal={IEEE Transactions on Signal Processing}, 
  title={{GESPAR}: Efficient Phase Retrieval of Sparse Signals}, 
  year={2014},
  volume={62},
  number={4},
  pages={928-938},
  doi={10.1109/TSP.2013.2297687}}
  
  @ARTICLE{ulyanov2020,
  author={Ulyanov, Dmitry and Vedaldi, Andrea and Lempitsky, Victor},
  journal={International Journal of Computer Vision}, 
  title={Deep Image Prior}, 
  year={2020},
  volume={128},
  number={7},
  pages={1867--1888},
  doi={https://doi.org/10.1007/s11263-020-01303-4}}


@INPROCEEDINGS{kappeler2017,
  author={A. {Kappeler} and S. {Ghosh} and J. {Holloway} and O. {Cossairt} and A. {Katsaggelos}},
  booktitle={2017 IEEE International Conference on Image Processing (ICIP)}, 
  title={Ptychnet: CNN based fourier ptychography}, 
  year={2017},
  volume={},
  number={},
  pages={1712-1716},
  doi={10.1109/ICIP.2017.8296574}}


@article{rivenson2017,
	Author = {Rivenson, Yair and Zhang, Yibo and G{\"u}naydın, Harun and Teng, Da and Ozcan, Aydogan},
	Da = {2018/02/01},
	Date-Added = {2021-02-15 09:04:27 +1100},
	Date-Modified = {2021-02-15 09:04:27 +1100},
	Doi = {10.1038/lsa.2017.141},
	Id = {Rivenson2018},
	Isbn = {2047-7538},
	Journal = {Light: Science \& Applications},
	Number = {2},
	Pages = {17141--17141},
	Title = {Phase recovery and holographic image reconstruction using deep learning in neural networks},
	Ty = {JOUR},
	Url = {https://doi.org/10.1038/lsa.2017.141},
	Volume = {7},
	Year = {2018},
	Bdsk-Url-1 = {https://doi.org/10.1038/lsa.2017.141}}

@misc{boominathan2018,
      title={Phase retrieval for Fourier Ptychography under varying amount of measurements}, 
      author={Lokesh Boominathan and Mayug Maniparambil and Honey Gupta and Rahul Baburajan and Kaushik Mitra},
      year={2018},
      eprint={1805.03593},
      archivePrefix={arXiv},
      primaryClass={cs.CV}
}

@InProceedings{metzler2018,
  title = 	 {pr{D}eep: Robust Phase Retrieval with a Flexible Deep Network},
  author =       {Metzler, Christopher and Schniter, Phillip and Veeraraghavan, Ashok and richard baraniuk},
  booktitle = 	 {Proceedings of the 35th International Conference on Machine Learning},
  pages = 	 {3501--3510},
  year = 	 {2018},
  editor = 	 {Jennifer Dy and Andreas Krause},
  volume = 	 {80},
  series = 	 {Proceedings of Machine Learning Research},
  address = 	 {Stockholmsmässan, Stockholm Sweden},
  month = 	 {10--15 Jul},
  publisher =    {PMLR},
  pdf = 	 {http://proceedings.mlr.press/v80/metzler18a/metzler18a.pdf},
  url = 	 {http://proceedings.mlr.press/v80/metzler18a.html},
}

@article{isil2019,
author = {\c{C}a\u{g}atay I\c{s}{i}l and Figen S. Oktem and Aykut Ko\c{c}},
journal = {Appl. Opt.},
keywords = {Fourier transforms; Image quality; Medical image processing; Neural networks; Optical imaging; Phase retrieval},
number = {20},
pages = {5422--5431},
publisher = {OSA},
title = {Deep iterative reconstruction for phase retrieval},
volume = {58},
month = {Jul},
year = {2019},
url = {http://ao.osa.org/abstract.cfm?URI=ao-58-20-5422},
doi = {10.1364/AO.58.005422},
}

@article{nishizaki2020,
	Author = {Nishizaki, Yohei and Horisaki, Ryoichi and Kitaguchi, Katsuhisa and Saito, Mamoru and Tanida, Jun},
	Da = {2020/02/01},
	Date-Added = {2021-02-15 09:49:06 +1100},
	Date-Modified = {2021-02-15 09:49:06 +1100},
	Doi = {10.1007/s10043-019-00574-8},
	Id = {Nishizaki2020},
	Isbn = {1349-9432},
	Journal = {Optical Review},
	Number = {1},
	Pages = {136--141},
	Title = {Analysis of non-iterative phase retrieval based on machine learning},
	Ty = {JOUR},
	Url = {https://doi.org/10.1007/s10043-019-00574-8},
	Volume = {27},
	Year = {2020},
	Bdsk-Url-1 = {https://doi.org/10.1007/s10043-019-00574-8}
}

@inproceedings{jagatap2019,
  title={Phase Retrieval using Untrained Neural Network Priors},
  author={Gauri Jagatap and Chinmay Hegde},
  year={2019}
}

@article{wang2020,
	Author = {Wang, Fei and Bian, Yaoming and Wang, Haichao and Lyu, Meng and Pedrini, Giancarlo and Osten, Wolfgang and Barbastathis, George and Situ, Guohai},
	Da = {2020/05/06},
	Date-Added = {2021-02-15 10:10:55 +1100},
	Date-Modified = {2021-02-15 10:10:55 +1100},
	Doi = {10.1038/s41377-020-0302-3},
	Id = {Wang2020},
	Isbn = {2047-7538},
	Journal = {Light: Science \& Applications},
	Number = {1},
	Pages = {77},
	Title = {Phase imaging with an untrained neural network},
	Ty = {JOUR},
	Url = {https://doi.org/10.1038/s41377-020-0302-3},
	Volume = {9},
	Year = {2020},
	Bdsk-Url-1 = {https://doi.org/10.1038/s41377-020-0302-3}}


@InProceedings{ronneberger2015,
author="Ronneberger, Olaf
and Fischer, Philipp
and Brox, Thomas",
editor="Navab, Nassir
and Hornegger, Joachim
and Wells, William M.
and Frangi, Alejandro F.",
title="U-Net: Convolutional Networks for Biomedical Image Segmentation",
booktitle="Medical Image Computing and Computer-Assisted Intervention -- MICCAI 2015",
year="2015",
publisher="Springer International Publishing",
address="Cham",
pages="234--241",
isbn="978-3-319-24574-4"
}

@article{fienup1982,
author = {J. R. Fienup},
journal = {Appl. Opt.},
keywords = {Discrete Fourier transforms; Electron microscopy; Fast Fourier transforms; Phase retrieval; Point spread function; Wave front sensing},
number = {15},
pages = {2758--2769},
publisher = {OSA},
title = {Phase retrieval algorithms: a comparison},
volume = {21},
month = {Aug},
year = {1982},
url = {http://ao.osa.org/abstract.cfm?URI=ao-21-15-2758},
doi = {10.1364/AO.21.002758},
}

@misc{kenworthy2018,
      title={Pupil Plane Phase Apodization}, 
      author={Matthew A. Kenworthy and Johanan L. Codona and Frans Snik},
      year={2018},
      eprint={1807.11242},
      archivePrefix={arXiv},
      primaryClass={astro-ph.IM}
}
@ARTICLE{Bowler2016,
       author = {{Bowler}, Brendan P.},
        title = "{Imaging Extrasolar Giant Planets}",
      journal = {\pasp},
     keywords = {Astrophysics - Earth and Planetary Astrophysics},
         year = 2016,
        month = oct,
       volume = {128},
       number = {968},
        pages = {102001},
          doi = {10.1088/1538-3873/128/968/102001},
archivePrefix = {arXiv},
       eprint = {1605.02731},
 primaryClass = {astro-ph.EP},
       adsurl = {https://ui.adsabs.harvard.edu/abs/2016PASP..128j2001B},
      adsnote = {Provided by the SAO/NASA Astrophysics Data System}
}
@ARTICLE{Margossian2018,
       author = {{Margossian}, Charles C.},
        title = "{A Review of automatic differentiation and its efficient implementation}",
      journal = {arXiv e-prints},
     keywords = {Computer Science - Mathematical Software, Statistics - Computation},
         year = 2018,
        month = nov,
          eid = {arXiv:1811.05031},
        pages = {arXiv:1811.05031},
archivePrefix = {arXiv},
       eprint = {1811.05031},
 primaryClass = {cs.MS},
       adsurl = {https://ui.adsabs.harvard.edu/abs/2018arXiv181105031M},
      adsnote = {Provided by the SAO/NASA Astrophysics Data System}
}



@inproceedings{por2017,
author = {Emiel H. Por},
title = {{Optimal design of apodizing phase plate coronagraphs}},
volume = {10400},
booktitle = {Techniques and Instrumentation for Detection of Exoplanets VIII},
editor = {Stuart Shaklan},
organization = {International Society for Optics and Photonics},
publisher = {SPIE},
pages = {236 -- 247},
keywords = {apodizing phase plate, optimization, coronagraph, global optimum, optimal design},
year = {2017},
doi = {10.1117/12.2274219},
URL = {https://doi.org/10.1117/12.2274219}
}

@article{pope2021,
	doi = {10.3847/1538-4357/abcb00},
	url = {https://doi.org/10.3847/1538-4357/abcb00},
	year = 2021,
	month = {jan},
	publisher = {American Astronomical Society},
	volume = {907},
	number = {1},
	pages = {40},
	author = {Benjamin J. S. Pope and Laurent Pueyo and Yinzi Xin and Peter G. Tuthill},
	title = {Kernel Phase and Coronagraphy with Automatic Differentiation},
	journal = {The Astrophysical Journal},
}

@ARTICLE{theano,
   author = {{Theano Development Team}},
    title = "{Theano: A {Python} framework for fast computation of mathematical expressions}",
  journal = {arXiv e-prints},
   volume = {abs/1605.02688},
 primaryClass = "cs.SC",
 keywords = {Computer Science - Symbolic Computation, Computer Science - Learning, Computer Science - Mathematical Software},
     year = 2016,
    month = may,
      url = {http://arxiv.org/abs/1605.02688},
}



@ARTICLE{pytorch,
       author = {{Paszke}, Adam and {Gross}, Sam and {Massa}, Francisco and
         {Lerer}, Adam and {Bradbury}, James and {Chanan}, Gregory and
         {Killeen}, Trevor and {Lin}, Zeming and {Gimelshein}, Natalia and
         {Antiga}, Luca and {Desmaison}, Alban and {K{\"o}pf}, Andreas and
         {Yang}, Edward and {DeVito}, Zach and {Raison}, Martin and
         {Tejani}, Alykhan and {Chilamkurthy}, Sasank and {Steiner}, Benoit and
         {Fang}, Lu and {Bai}, Junjie and {Chintala}, Soumith},
        title = "{PyTorch: An Imperative Style, High-Performance Deep Learning Library}",
      journal = {arXiv e-prints},
     keywords = {Computer Science - Machine Learning, Computer Science - Mathematical Software, Statistics - Machine Learning},
         year = 2019,
        month = dec,
          eid = {arXiv:1912.01703},
        pages = {arXiv:1912.01703},
archivePrefix = {arXiv},
       eprint = {1912.01703},
 primaryClass = {cs.LG},
       adsurl = {https://ui.adsabs.harvard.edu/abs/2019arXiv191201703P},
      adsnote = {Provided by the SAO/NASA Astrophysics Data System}
}

@Article{ipython, Author = {P\'erez, Fernando and Granger, Brian E.}, Title = {{IP}ython: a System for Interactive Scientific Computing}, Journal = {Computing in Science and Engineering}, Volume = {9}, Number = {3}, Pages = {21--29}, month = may, year = 2007, url = "http://ipython.org", ISSN = "1521-9615", doi = {10.1109/MCSE.2007.53}, publisher = {IEEE Computer Society}, }

@misc{scipy, title = {{SciPy}: Open source scientific tools for Python}, url = {http://www.scipy.org/}, author = {Jones, E. and Oliphant, T. and Peterson, P. and Others}, year = {2001} }

@Article{matplotlib, Author = {Hunter, J. D.}, Title = {Matplotlib: A 2D graphics environment}, Journal = {Computing In Science \& Engineering}, Volume = {9}, Number = {3}, Pages = {90--95}, abstract = {Matplotlib is a 2D graphics package used for Python for application development, interactive scripting, and publication-quality image generation across user interfaces and operating systems.}, publisher = {IEEE COMPUTER SOC}, year = 2007 }

@article{numpy,
	Author = {Harris, Charles R. and Millman, K. Jarrod and van der Walt, St{\'e}fan J. and Gommers, Ralf and Virtanen, Pauli and Cournapeau, David and Wieser, Eric and Taylor, Julian and Berg, Sebastian and Smith, Nathaniel J. and Kern, Robert and Picus, Matti and Hoyer, Stephan and van Kerkwijk, Marten H. and Brett, Matthew and Haldane, Allan and del R{\'\i}o, Jaime Fern{\'a}ndez and Wiebe, Mark and Peterson, Pearu and G{\'e}rard-Marchant, Pierre and Sheppard, Kevin and Reddy, Tyler and Weckesser, Warren and Abbasi, Hameer and Gohlke, Christoph and Oliphant, Travis E.},
	Journal = {Nature},
	Number = {7825},
	Pages = {357--362},
	Title = {Array programming with {NumPy}},
	Volume = {585},
	Year = {2020}}


@INBOOK{poppy,
       author = {{Perrin}, Marshall D. and {Soummer}, R{\'e}mi and {Elliott}, Erin M. and
         {Lallo}, Matthew D. and {Sivaramakrishnan}, Anand},
        title = {Simulating point spread functions for the James Webb Space Telescope with WebbPSF},
    booktitle = {\procspie},
         year = "2012",
       volume = {8442},
       series = {Society of Photo-Optical Instrumentation Engineers (SPIE) Conference Series},
          eid = {84423D},
        pages = {84423D},
          doi = {10.1117/12.925230},
       adsurl = {https://ui.adsabs.harvard.edu/abs/2012SPIE.8442E..3DP},
      adsnote = {Provided by the SAO/NASA Astrophysics Data System}
}

@inproceedings{autograd,
  title={Autograd: Effortless gradients in numpy},
  author={Maclaurin, Dougal and Duvenaud, David and Adams, Ryan P},
  booktitle={ICML 2015 AutoML Workshop},
  volume={238},
  year={2015}
}
@ARTICLE{julia,
       author = {{Bezanson}, Jeff and {Karpinski}, Stefan and {Shah}, Viral B. and
         {Edelman}, Alan},
        title = "{Julia: A Fast Dynamic Language for Technical Computing}",
      journal = {arXiv e-prints},
     keywords = {Computer Science - Programming Languages, Computer Science - Computational Engineering, Finance, and Science, D.3.2},
         year = "2012",
        month = "Sep",
          eid = {arXiv:1209.5145},
        pages = {arXiv:1209.5145},
archivePrefix = {arXiv},
       eprint = {1209.5145},
 primaryClass = {cs.PL},
       adsurl = {https://ui.adsabs.harvard.edu/abs/2012arXiv1209.5145B},
      adsnote = {Provided by the SAO/NASA Astrophysics Data System}
}
@inproceedings{lecun1988theoretical,
  title={A theoretical framework for back-propagation},
  author={LeCun, Yann and Touresky, D and Hinton, G and Sejnowski, T},
  booktitle={Proceedings of the 1988 connectionist models summer school},
  volume={1},
  pages={21--28},
  year={1988},
  organization={CMU, Pittsburgh, Pa: Morgan Kaufmann}
}

@article{linnainmaa1970,
  title={The representation of the cumulative rounding error of an algorithm as a Taylor expansion of the local rounding errors},
  author={Linnainmaa, Seppo},
  journal={Master's Thesis (in Finnish), Univ. Helsinki},
  pages={6--7},
  year={1970}
}

@ARTICLE{lecun15,
   author = {{LeCun}, Y. and {Bengio}, Y. and {Hinton}, G.},
    title = "{Deep learning}",
  journal = {Nature},
     year = 2015,
    month = may,
   volume = 521,
    pages = {436-444},
      doi = {10.1038/nature14539},
   adsurl = {https://ui.adsabs.harvard.edu/abs/2015Natur.521..436L},
  adsnote = {Provided by the SAO/NASA Astrophysics Data System}
}
@TECHREPORT{MolnarNikolic2020,
  author = {{Molnar}, M. and {Nikolic}, B},
  title = "{A Generalized Approach to Redundant Calibration with JAX}",
  year = 2020,
  number = 84,
  month = 11,
  institution = "Hydrogen Epoch of Reionization Array Consortium",
  note = {\href{http://reionization.org/wp-content/uploads/2013/03/HERA084__A_Generalized_Approach_to_Redundant_Calibration_with_JAX.pdf}{HERA Memo \#84}}
}

@ARTICLE{baydin2015,
       author = {{Gunes Baydin}, Atilim and {Pearlmutter}, Barak A. and {Andreyevich Radul}, Alexey and {Siskind}, Jeffrey Mark},
        title = "{Automatic differentiation in machine learning: a survey}",
      journal = {arXiv e-prints},
     keywords = {Computer Science - Symbolic Computation, Computer Science - Machine Learning, Statistics - Machine Learning, 68W30, 65D25, 68T05, G.1.4, I.2.6},
         year = 2015,
        month = feb,
          eid = {arXiv:1502.05767},
        pages = {arXiv:1502.05767},
archivePrefix = {arXiv},
       eprint = {1502.05767},
 primaryClass = {cs.SC},
       adsurl = {https://ui.adsabs.harvard.edu/abs/2015arXiv150205767G},
      adsnote = {Provided by the SAO/NASA Astrophysics Data System}
}
@ARTICLE{quanz2010,
       author = {{Quanz}, Sascha P. and {Meyer}, Michael R. and {Kenworthy}, Matthew A. and {Girard}, Julien H.~V. and {Kasper}, Markus and {Lagrange}, Anne-Marie and {Apai}, Daniel and {Boccaletti}, Anthony and {Bonnefoy}, Micka{\"e}l and {Chauvin}, Gael and {Hinz}, Philip M. and {Lenzen}, Rainer},
        title = "{First Results from Very Large Telescope NACO Apodizing Phase Plate: 4 {\ensuremath{\mu}}m Images of The Exoplanet {\ensuremath{\beta}} Pictoris b}",
      journal = {The Astrophysical Journall},
     keywords = {planets and satellites: detection, planets and satellites: formation, stars: formation, stars: pre-main sequence, Astrophysics - Solar and Stellar Astrophysics, Astrophysics - Earth and Planetary Astrophysics},
         year = 2010,
        month = oct,
       volume = {722},
       number = {1},
        pages = {L49-L53},
          doi = {10.1088/2041-8205/722/1/L49},
archivePrefix = {arXiv},
       eprint = {1009.0538},
 primaryClass = {astro-ph.SR},
       adsurl = {https://ui.adsabs.harvard.edu/abs/2010ApJ...722L..49Q},
      adsnote = {Provided by the SAO/NASA Astrophysics Data System}
}
@ARTICLE{quanz2013,
       author = {{Quanz}, Sascha P. and {Amara}, Adam and {Meyer}, Michael R. and {Kenworthy}, Matthew A. and {Kasper}, Markus and {Girard}, Julien H.},
        title = "{A Young Protoplanet Candidate Embedded in the Circumstellar Disk of HD 100546}",
      journal = {The Astrophysical Journall},
     keywords = {planet-disk interactions, planets and satellites: formation, protoplanetary disks, stars: formation, stars: individual: HD 100546, Astrophysics - Astrophysics of Galaxies, Astrophysics - Earth and Planetary Astrophysics},
         year = 2013,
        month = mar,
       volume = {766},
       number = {1},
          eid = {L1},
        pages = {L1},
          doi = {10.1088/2041-8205/766/1/L1},
archivePrefix = {arXiv},
       eprint = {1302.7122},
 primaryClass = {astro-ph.GA},
       adsurl = {https://ui.adsabs.harvard.edu/abs/2013ApJ...766L...1Q},
      adsnote = {Provided by the SAO/NASA Astrophysics Data System}
}



@ARTICLE{doelman2021,
       author = {{Doelman}, D.~S. and {Snik}, F. and {Por}, E.~H. and {Bos}, S.~P. and {Otten}, G.~P.~P.~L. and {Kenworthy}, M. and {Haffert}, S.~Y. and {Wilby}, M. and {Bohn}, A.~J. and {Sutlieff}, B.~J. and {Miller}, K. and {Ouellet}, M. and {de Boer}, J. and {Keller}, C.~U. and {Escuti}, M.~J. and {Shi}, S. and {Warriner}, N.~Z. and {Hornburg}, K.~J. and {BirkbyJ. Males}, J.~L. and {Morzinski}, K.~M. and {Close}, L.~M. and {Codona}, J. and {Long}, J. and {Schatz}, L. and {Lumbres}, J. and {Rodack}, A. and {Van Gorkom}, K. and {Hedglen}, A and {Guyon}, O. and {Lozi}, J. and {Groff}, T. and {Chilcote}, J. and {Jovanovic}, N. and {Thibault}, S. and {de Jonge}, C. and {Allain}, G. and {Vall{\'e}e}, C. and {Patel}, D. and {C{\^o}t{\'e}}, O. and {Marois}, C. and {Hinz}, P. and {Stone}, J. and {Skemer}, A. and {Briesemeister}, Z. and {Boehle}, A. and {Glauser}, A.~M. and {Taylor}, W. and {Baudoz}, P. and {Huby}, E. and {Absil}, O. and {Carlomagno}, B. and {Delacroix}, C.},
        title = "{The vector-apodizing phase plate coronagraph: design, current performance, and future development}",
      journal = {arXiv e-prints},
     keywords = {Astrophysics - Instrumentation and Methods for Astrophysics, Astrophysics - Earth and Planetary Astrophysics},
         year = 2021,
        month = apr,
          eid = {arXiv:2104.11211},
        pages = {arXiv:2104.11211},
archivePrefix = {arXiv},
       eprint = {2104.11211},
 primaryClass = {astro-ph.IM},
       adsurl = {https://ui.adsabs.harvard.edu/abs/2021arXiv210411211D},
      adsnote = {Provided by the SAO/NASA Astrophysics Data System}
}


@inproceedings{codona2006,
author = {J. L. Codona and M. A. Kenworthy and P. M. Hinz and J. R. P. Angel and N. J. Woolf},
title = {{A high-contrast coronagraph for the MMT using phase apodization: design and observations at 5 microns and 2 lambda/D radius}},
volume = {6269},
booktitle = {Ground-based and Airborne Instrumentation for Astronomy},
editor = {Ian S. McLean and Masanori Iye},
organization = {International Society for Optics and Photonics},
publisher = {SPIE},
pages = {560 -- 569},
keywords = {Stellar Coronagraphs, Phase Masks, Phase Apodization, Extrasolar Planets},
year = {2006},
doi = {10.1117/12.672727},
URL = {https://doi.org/10.1117/12.672727}
}

@misc{bos2021,
      title={New concepts in vector-Apodizing Phase Plate coronagraphy}, 
      author={Steven P. Bos and David S. Doelman and Kelsey L. Miller and Frans Snik},
      year={2021},
      eprint={2012.00462},
      archivePrefix={arXiv},
      primaryClass={astro-ph.IM}
}


@article{kenworthy2007,
   title={First On‐Sky High‐Contrast Imaging with an Apodizing Phase Plate},
   volume={660},
   ISSN={1538-4357},
   url={http://dx.doi.org/10.1086/513596},
   DOI={10.1086/513596},
   number={1},
   journal={The Astrophysical Journal},
   publisher={American Astronomical Society},
   author={Kenworthy, Matthew A. and Codona, Johanan L. and Hinz, Philip M. and Angel, J. Roger P. and Heinze, Ari and Sivanandam, Suresh},
   year={2007},
   month={May},
   pages={762–769}
}

@ARTICLE{liaudat2021,
       author = {{Liaudat}, Tobias and {Starck}, Jean-Luc and {Kilbinger}, Martin and {Frugier}, Pierre-Antoine},
        title = "{Rethinking the modeling of the instrumental response of telescopes with a differentiable optical model}",
      journal = {arXiv e-prints},
     keywords = {Astrophysics - Instrumentation and Methods for Astrophysics, Computer Science - Computer Vision and Pattern Recognition, Physics - Optics},
         year = 2021,
        month = nov,
          eid = {arXiv:2111.12541},
        pages = {arXiv:2111.12541},
archivePrefix = {arXiv},
       eprint = {2111.12541},
 primaryClass = {astro-ph.IM},
       adsurl = {https://ui.adsabs.harvard.edu/abs/2021arXiv211112541L},
      adsnote = {Provided by the SAO/NASA Astrophysics Data System}
}
@ARTICLE{Liaudat2022,
       author = {{Liaudat}, Tobias and {Starck}, Jean-Luc and {Kilbinger}, Martin and {Frugier}, Pierre-Antoine},
        title = "{Rethinking data-driven point spread function modeling with a differentiable optical model}",
      journal = {arXiv e-prints},
     keywords = {Astrophysics - Instrumentation and Methods for Astrophysics, Computer Science - Computer Vision and Pattern Recognition},
         year = 2022,
        month = mar,
          eid = {arXiv:2203.04908},
        pages = {arXiv:2203.04908},
archivePrefix = {arXiv},
       eprint = {2203.04908},
 primaryClass = {astro-ph.IM},
       adsurl = {https://ui.adsabs.harvard.edu/abs/2022arXiv220304908L},
      adsnote = {Provided by the SAO/NASA Astrophysics Data System}
}



@article{kenworthy2010,
author = {Kenworthy, M. and Quanz, Sascha and Meyer, M. and Kasper, M and Girard, Julien and Lenzen, Rainer and Codona, Johanan and Hinz, P.},
year = {2010},
month = {09},
pages = {},
title = {A new coronagraph for NAOS-CONICA -- the apodising phase plate}
}


@article{ruane2015,
	author = {{Ruane, G. J.} and {Huby, E.} and {Absil, O.} and {Mawet, D.} and {Delacroix, C.} and {Carlomagno, B.} and {Swartzlander, G. A.}},
	title = {Lyot-plane phase masks for improved high-contrast imaging  with a vortex coronagraph},
	DOI= "10.1051/0004-6361/201526561",
	url= "https://doi.org/10.1051/0004-6361/201526561",
	journal = {Astronomy \& Astrophysics},
	year = 2015,
	volume = 583,
	pages = "A81",
	month = "",
}

@article{codona2004,
	doi = {10.1086/383569},
	url = {https://doi.org/10.1086/383569},
	year = 2004,
	month = {mar},
	publisher = {American Astronomical Society},
	volume = {604},
	number = {2},
	pages = {L117--L120},
	author = {Johanan L. Codona and Roger Angel},
	title = {Imaging Extrasolar Planets by Stellar Halo Suppression in Separately Corrected Color Bands},
	journal = {The Astrophysical Journal},
}
@MISC{czekala2020,
       author = {{Czekala}, Ian and {Loomis}, Ryan},
        title = "{iancze/MPoL: Pip installable package}",
         year = 2020,
        month = feb,
          eid = {10.5281/zenodo.3647603},
          doi = {10.5281/zenodo.3647603},
      version = {v0.0.4},
    publisher = {Zenodo},
       adsurl = {https://ui.adsabs.harvard.edu/abs/2020zndo...3647603C},
      adsnote = {Provided by the SAO/NASA Astrophysics Data System}
}


@inproceedings{snik2012,
author = {Frans Snik and Gilles Otten and Matthew Kenworthy and Matthew Miskiewicz and Michael Escuti and Christopher Packham and Johanan Codona},
title = {{The Vector-APP: a Broadband Apodizing Phase Plate that yields Complementary PSFs}},
volume = {8450},
booktitle = {Modern Technologies in Space- and Ground-based Telescopes and Instrumentation II},
editor = {Ramón Navarro and Colin R. Cunningham and Eric Prieto},
organization = {International Society for Optics and Photonics},
publisher = {SPIE},
pages = {224 -- 234},
keywords = {coronagraphy, apodization, polarimetry},
year = {2012},
doi = {10.1117/12.926222},
URL = {https://doi.org/10.1117/12.926222}
}

@inproceedings{otten2014a,
author = {Gilles P.P. L.  Otten and Frans Snik and Matthew A. Kenworthy and Matthew N. Miskiewicz and Michael J. Escuti and Johanan L. Codona},
title = {{The vector apodizing phase plate coronagraph: prototyping, characterization and outlook}},
volume = {9151},
booktitle = {Advances in Optical and Mechanical Technologies for Telescopes and Instrumentation},
editor = {Ramón Navarro and Colin R. Cunningham and Allison A. Barto},
organization = {International Society for Optics and Photonics},
publisher = {SPIE},
pages = {577 -- 586},
keywords = {coronagraphy, apodization, polarimetry},
year = {2014},
doi = {10.1117/12.2056096},
URL = {https://doi.org/10.1117/12.2056096}
}

@article{otten2014b,
author = {Gilles P. P. L. Otten and Frans Snik and Matthew A. Kenworthy and Matthew N. Miskiewicz and Michael J. Escuti},
journal = {Opt. Express},
keywords = {Liquid crystals; Apodization; Polarization; Astronomical optics; Berry's phase; Circular polarization; High throughput optics; Imaging techniques; Liquid crystals; Phase plates; Wave front sensing},
number = {24},
pages = {30287--30314},
publisher = {OSA},
title = {Performance characterization of a broadband vector Apodizing Phase Plate coronagraph},
volume = {22},
month = {Dec},
year = {2014},
url = {http://www.opticsexpress.org/abstract.cfm?URI=oe-22-24-30287},
doi = {10.1364/OE.22.030287}
}

@article{otten2017,
author = {Otten, Gilles P. P. L. and Snik, Frans and Kenworthy, Matthew A. and Keller, Christoph U. and Males, Jared R. and Morzinski, Katie M. and Close, Laird M. and Codona, Johanan L. and Hinz, Philip M. and Hornburg, Kathryn J. and Brickson, Leandra L. and Escuti, Michael J.},
doi = {10.3847/1538-4357/834/2/175},
issn = {1538-4357},
journal = {The Astrophysical Journal},
month = {jan},
number = {2},
pages = {175},
title = {{On-Sky Performance Analysis of the Vector Apodizing Phase Plate Coronagraph on MagAO/Clio2}},
url = {https://iopscience.iop.org/article/10.3847/1538-4357/834/2/175},
volume = {834},
year = {2017}
}


@ARTICLE{Guyon2013,
       author = {{Guyon}, Olivier and {Eisner}, Josh A. and {Angel}, Roger and {Woolf}, Neville J. and {Bendek}, Eduardo A. and {Milster}, Thomas D. and {Ammons}, S. Mark and {Shao}, Michael and {Shaklan}, Stuart and {Levine}, Marie and {Nemati}, Bijan and {Martinache}, Frantz and {Pitman}, Joe and {Woodruff}, Robert A. and {Belikov}, Ruslan},
        title = "{Simultaneous Exoplanet Characterization and Deep Wide-field Imaging with a Diffractive Pupil Telescope}",
      journal = {\apj},
     keywords = {astrometry, planets and satellites: detection, techniques: high angular resolution, telescopes, Astrophysics - Instrumentation and Methods for Astrophysics},
         year = 2013,
        month = apr,
       volume = {767},
       number = {1},
          eid = {11},
        pages = {11},
          doi = {10.1088/0004-637X/767/1/11},
archivePrefix = {arXiv},
       eprint = {1304.0373},
 primaryClass = {astro-ph.IM},
       adsurl = {https://ui.adsabs.harvard.edu/abs/2013ApJ...767...11G},
      adsnote = {Provided by the SAO/NASA Astrophysics Data System}
}


@inproceedings{tuthill2018,
author = {Peter Tuthill and Eduardo Bendek and Olivier Guyon and Anthony Horton and Bryn Jeffries and Nemanja Jovanovic and Pete Klupar and Kieran Larkin and Barnaby Norris and Benjamin Pope and Mike Shao},
title = {{The TOLIMAN space telescope}},
volume = {10701},
booktitle = {Optical and Infrared Interferometry and Imaging VI},
editor = {Michelle J. Creech-Eakman and Peter G. Tuthill and Antoine Mérand},
organization = {International Society for Optics and Photonics},
publisher = {SPIE},
pages = {432 -- 441},
keywords = {Diffractive Pupils, Astrometric exoplanet detection, High precision astrometry, Space Interferometry},
year = {2018},
doi = {10.1117/12.2313269},
URL = {https://doi.org/10.1117/12.2313269}
}


@misc{tensorflow2015,
title={{TensorFlow}: Large-Scale Machine Learning on Heterogeneous Systems},
url={http://tensorflow.org/},
note={Software available from tensorflow.org},
author={
    Mart\'{\i}n~Abadi and
    Ashish~Agarwal and
    Paul~Barham and
    Eugene~Brevdo and
    Zhifeng~Chen and
    Craig~Citro and
    Greg~S.~Corrado and
    Andy~Davis and
    Jeffrey~Dean and
    Matthieu~Devin and
    Sanjay~Ghemawat and
    Ian~Goodfellow and
    Andrew~Harp and
    Geoffrey~Irving and
    Michael~Isard and
    Yangqing Jia and
    Rafal~Jozefowicz and
    Lukasz~Kaiser and
    Manjunath~Kudlur and
    Josh~Levenberg and
    Dan~Man\'{e} and
    Rajat~Monga and
    Sherry~Moore and
    Derek~Murray and
    Chris~Olah and
    Mike~Schuster and
    Jonathon~Shlens and
    Benoit~Steiner and
    Ilya~Sutskever and
    Kunal~Talwar and
    Paul~Tucker and
    Vincent~Vanhoucke and
    Vijay~Vasudevan and
    Fernanda~Vi\'{e}gas and
    Oriol~Vinyals and
    Pete~Warden and
    Martin~Wattenberg and
    Martin~Wicke and
    Yuan~Yu and
    Xiaoqiang~Zheng},
  year={2015},
}
@article{astropy:2013,
Adsnote = {Provided by the SAO/NASA Astrophysics Data System},
Adsurl = {http://adsabs.harvard.edu/abs/2013A%26A...558A..33A},
Archiveprefix = {arXiv},
Author = {{Astropy Collaboration} and {Robitaille}, T.~P. and {Tollerud}, E.~J. and {Greenfield}, P. and {Droettboom}, M. and {Bray}, E. and {Aldcroft}, T. and {Davis}, M. and {Ginsburg}, A. and {Price-Whelan}, A.~M. and {Kerzendorf}, W.~E. and {Conley}, A. and {Crighton}, N. and {Barbary}, K. and {Muna}, D. and {Ferguson}, H. and {Grollier}, F. and {Parikh}, M.~M. and {Nair}, P.~H. and {Unther}, H.~M. and {Deil}, C. and {Woillez}, J. and {Conseil}, S. and {Kramer}, R. and {Turner}, J.~E.~H. and {Singer}, L. and {Fox}, R. and {Weaver}, B.~A. and {Zabalza}, V. and {Edwards}, Z.~I. and {Azalee Bostroem}, K. and {Burke}, D.~J. and {Casey}, A.~R. and {Crawford}, S.~M. and {Dencheva}, N. and {Ely}, J. and {Jenness}, T. and {Labrie}, K. and {Lim}, P.~L. and {Pierfederici}, F. and {Pontzen}, A. and {Ptak}, A. and {Refsdal}, B. and {Servillat}, M. and {Streicher}, O.},
Doi = {10.1051/0004-6361/201322068},
Eid = {A33},
Eprint = {1307.6212},
Journal = {\aap},
Keywords = {methods: data analysis, methods: miscellaneous, virtual observatory tools},
Month = oct,
Pages = {A33},
Primaryclass = {astro-ph.IM},
Title = {{Astropy: A community Python package for astronomy}},
Volume = 558,
Year = 2013,
Bdsk-Url-1 = {https://dx.doi.org/10.1051/0004-6361/201322068}}

@ARTICLE{astropy:2018,
       author = {{Astropy Collaboration} and {Price-Whelan}, A.~M. and
         {Sip{\H{o}}cz}, B.~M. and {G{\"u}nther}, H.~M. and {Lim}, P.~L. and
         {Crawford}, S.~M. and {Conseil}, S. and {Shupe}, D.~L. and
         {Craig}, M.~W. and {Dencheva}, N. and {Ginsburg}, A. and {Vand
        erPlas}, J.~T. and {Bradley}, L.~D. and {P{\'e}rez-Su{\'a}rez}, D. and
         {de Val-Borro}, M. and {Aldcroft}, T.~L. and {Cruz}, K.~L. and
         {Robitaille}, T.~P. and {Tollerud}, E.~J. and {Ardelean}, C. and
         {Babej}, T. and {Bach}, Y.~P. and {Bachetti}, M. and {Bakanov}, A.~V. and
         {Bamford}, S.~P. and {Barentsen}, G. and {Barmby}, P. and
         {Baumbach}, A. and {Berry}, K.~L. and {Biscani}, F. and {Boquien}, M. and
         {Bostroem}, K.~A. and {Bouma}, L.~G. and {Brammer}, G.~B. and
         {Bray}, E.~M. and {Breytenbach}, H. and {Buddelmeijer}, H. and
         {Burke}, D.~J. and {Calderone}, G. and {Cano Rodr{\'\i}guez}, J.~L. and
         {Cara}, M. and {Cardoso}, J.~V.~M. and {Cheedella}, S. and {Copin}, Y. and
         {Corrales}, L. and {Crichton}, D. and {D'Avella}, D. and {Deil}, C. and
         {Depagne}, {\'E}. and {Dietrich}, J.~P. and {Donath}, A. and
         {Droettboom}, M. and {Earl}, N. and {Erben}, T. and {Fabbro}, S. and
         {Ferreira}, L.~A. and {Finethy}, T. and {Fox}, R.~T. and
         {Garrison}, L.~H. and {Gibbons}, S.~L.~J. and {Goldstein}, D.~A. and
         {Gommers}, R. and {Greco}, J.~P. and {Greenfield}, P. and
         {Groener}, A.~M. and {Grollier}, F. and {Hagen}, A. and {Hirst}, P. and
         {Homeier}, D. and {Horton}, A.~J. and {Hosseinzadeh}, G. and {Hu}, L. and
         {Hunkeler}, J.~S. and {Ivezi{\'c}}, {\v{Z}}. and {Jain}, A. and
         {Jenness}, T. and {Kanarek}, G. and {Kendrew}, S. and {Kern}, N.~S. and
         {Kerzendorf}, W.~E. and {Khvalko}, A. and {King}, J. and {Kirkby}, D. and
         {Kulkarni}, A.~M. and {Kumar}, A. and {Lee}, A. and {Lenz}, D. and
         {Littlefair}, S.~P. and {Ma}, Z. and {Macleod}, D.~M. and
         {Mastropietro}, M. and {McCully}, C. and {Montagnac}, S. and
         {Morris}, B.~M. and {Mueller}, M. and {Mumford}, S.~J. and {Muna}, D. and
         {Murphy}, N.~A. and {Nelson}, S. and {Nguyen}, G.~H. and
         {Ninan}, J.~P. and {N{\"o}the}, M. and {Ogaz}, S. and {Oh}, S. and
         {Parejko}, J.~K. and {Parley}, N. and {Pascual}, S. and {Patil}, R. and
         {Patil}, A.~A. and {Plunkett}, A.~L. and {Prochaska}, J.~X. and
         {Rastogi}, T. and {Reddy Janga}, V. and {Sabater}, J. and
         {Sakurikar}, P. and {Seifert}, M. and {Sherbert}, L.~E. and
         {Sherwood-Taylor}, H. and {Shih}, A.~Y. and {Sick}, J. and
         {Silbiger}, M.~T. and {Singanamalla}, S. and {Singer}, L.~P. and
         {Sladen}, P.~H. and {Sooley}, K.~A. and {Sornarajah}, S. and
         {Streicher}, O. and {Teuben}, P. and {Thomas}, S.~W. and
         {Tremblay}, G.~R. and {Turner}, J.~E.~H. and {Terr{\'o}n}, V. and
         {van Kerkwijk}, M.~H. and {de la Vega}, A. and {Watkins}, L.~L. and
         {Weaver}, B.~A. and {Whitmore}, J.~B. and {Woillez}, J. and
         {Zabalza}, V. and {Astropy Contributors}},
        title = "{The Astropy Project: Building an Open-science Project and Status of the v2.0 Core Package}",
      journal = {\aj},
     keywords = {methods: data analysis, methods: miscellaneous, methods: statistical, reference systems, Astrophysics - Instrumentation and Methods for Astrophysics},
         year = 2018,
        month = sep,
       volume = {156},
       number = {3},
          eid = {123},
        pages = {123},
          doi = {10.3847/1538-3881/aabc4f},
archivePrefix = {arXiv},
       eprint = {1801.02634},
 primaryClass = {astro-ph.IM},
       adsurl = {https://ui.adsabs.harvard.edu/abs/2018AJ....156..123A},
      adsnote = {Provided by the SAO/NASA Astrophysics Data System}
}

@ARTICLE{Phan2019,
       author = {{Phan}, Du and {Pradhan}, Neeraj and {Jankowiak}, Martin},
        title = "{Composable Effects for Flexible and Accelerated Probabilistic Programming in NumPyro}",
      journal = {arXiv e-prints},
     keywords = {Statistics - Machine Learning, Computer Science - Artificial Intelligence, Computer Science - Machine Learning, Computer Science - Programming Languages, I.2.5, G.3, I.2.5, G.3},
         year = 2019,
        month = dec,
          eid = {arXiv:1912.11554},
        pages = {arXiv:1912.11554},
archivePrefix = {arXiv},
       eprint = {1912.11554},
 primaryClass = {stat.ML},
       adsurl = {https://ui.adsabs.harvard.edu/abs/2019arXiv191211554P},
      adsnote = {Provided by the SAO/NASA Astrophysics Data System}
}

@software{jax,
  author = {James Bradbury and Roy Frostig and Peter Hawkins and Matthew James Johnson and Chris Leary and Dougal Maclaurin and Skye Wanderman-Milne},
  title = {{JAX}: composable transformations of {P}ython+{N}um{P}y programs},
  url = {http://github.com/google/jax},
  version = {0.1.55},
  year = {2018},
}

@software{optax2020github,
  author = {Matteo Hessel and David Budden and Fabio Viola and Mihaela Rosca
            and Eren Sezener and Tom Hennigan},
  title = {Optax: composable gradient transformation and optimisation, in JAX!},
  url = {http://github.com/deepmind/optax},
  version = {0.0.1},
  year = {2020},
}


@article{kidger2021equinox,
    author={Patrick Kidger and Cristian Garcia},
    title={{E}quinox: neural networks in {JAX} via callable {P}y{T}rees and filtered transformations},
    year={2021},
    journal={Differentiable Programming workshop at Neural Information Processing Systems 2021}
}
@article{QM_pattern,
   title={Spectra of Sol-Manifolds: Arithmetic and Quantum Monodromy},
   volume={264},
   ISSN={1432-0916},
   url={http://dx.doi.org/10.1007/s00220-006-1543-6},
   DOI={10.1007/s00220-006-1543-6},
   number={3},
   journal={Communications in Mathematical Physics},
   publisher={Springer Science and Business Media LLC},
   author={Bolsinov, A.V. and Dullin, H.R. and Veselov, A.P.},
   year={2006},
   month={Mar},
   pages={583–611}
}

@inproceedings{Desdoigts2022,
  doi = {10.1117/12.2629774},
  url = {https://doi.org/10.1117/12.2629774},
  year = {2022},
  month = aug,
  publisher = {{SPIE}},
  author = {Louis Desdoigts and Benjamin Pope and Peter Tuthill},
  editor = {Laura E. Coyle and Marshall D. Perrin and Shuji Matsuura},
  title = {Optical design,  analysis,  and calibration using $\partial$Lux},
  booktitle = {Space Telescopes and Instrumentation 2022: Optical,  Infrared,  and Millimeter Wave}
}

@Inbook{Costa2011,
author="Costa, Joaquim F. Pinto da",
editor="Lovric, Miodrag",
title="Weighted Correlation",
bookTitle="International Encyclopedia of Statistical Science",
year="2011",
publisher="Springer Berlin Heidelberg",
address="Berlin, Heidelberg",
pages="1653--1655",
isbn="978-3-642-04898-2",
doi="10.1007/978-3-642-04898-2_612",
url="https://doi.org/10.1007/978-3-642-04898-2_612"
}